2324 3750
114 175 172 235 136
428 187 577 257 ooauaun
596 189 728 235 uaeoms

114 302 234 355 Mortuus
245 302 317 355 erat¹
327 301 394 367 Agis
405 317 460 361 rex,
469 300 549 353 frater
559 301 682 370 Agesilai.
719 299 816 353 Filium
827 298 970 367 reliquerat
981 299 1046 353 Leo·

114 371 253 439 tychidem,
263 387 339 437 quern
352 369 397 422 ille
410 371 515 422 natum²
527 386 577 421 non
589 379 713 438 agnorat;
725 369 835 421 eundem
848 369 961 420 moriens
970 386 1045 422 suum

114 440 293 492 essedixerat.
332 439 402 492 lsde
415 439 508 490 honore
521 440 594 506 regni
607 455 666 491 cum
676 437 808 506 Agesilao,
854 445 911 489 truo
923 455 977 499 suo,
987 455 1046 490 con·

114 508 204 567 tendit,
219 509 319 574 neque³
332 508 357 559 id
372 507 437 575 quod
457 507 548 573 petivit
565 514 719 559 consecutus
737 514 784 558 est.
848 522 899 566 am,
912 505 1047 573 Lysandro

114 575 283 644 suffragante,
293 576 406 637 homine,
420 582 448 627 ut
459 575 617 627 ostendimus
634 577 730 643 supra,⁴
742 573 847 627 factioso
858 582 886 627 et
897 575 938 626 his
950 584 1046 643 tempo-

115 645 184 698 ribus
197 653 308 713 potente,
320 644 459 712 Agesilaus
474 642 604 696 antelatus
617 652 664 696 est.

159 715 183 767 2.
211 714 263 766 Hic
283 714 437 780 simulatque
461 712 562 779 imperii
584 713 678 780 potitus
697 720 745 775 est,
764 711 892 779 persuasit
917 711 1047 766 Lacenae

116 783 217 845 moniis,
238 791 268 834 ut
290 782 421 834 exercitus
443 781 594 833 emitterent
623 782 650 833 in
673 784 771 843 Asiam,
793 780 940 849 bellumque
971 783 1047 850 regi⁶

116 851 240 914 facerent,
253 851 347 904 docens
365 851 446 902 satius
463 866 520 902 esse
539 850 565 901 in
578 850 642 902 Asia
658 868 734 918 quam
754 851 778 902 in
797 848 899 916 Europa
911 849 1047 902 dimicari.⁶

115 918 237 988 Namque
260 921 328 972 sama
352 919 459 981 exierat,
478 921 643 970 Artaxerxen
666 934 814 986 comparare
837 917 935 971 classes
959 919 1047 986 pedes-

116 991 237 1056 tresque⁷
249 990 385 1050 exercitus,
398 1005 460 1056 quos
472 988 497 1039 in
511 985 648 1040 Graeciam
663 987 785 1041 mitteret.
822 985 892 1038 Data
910 995 1047 1054 potestate,

116 1065 190 1109 mata
210 1057 345 1110 celeritate
367 1073 427 1109 usus
448 1063 542 1116 estut
563 1055 633 1122 prius
654 1057 680 1108 in
699 1057 788 1108 Asiam
810 1072 869 1108 curn
891 1056 972 1122 copiis
993 1073 1047 1123 per·

117 1126 225 1188 venerit,
246 1143 322 1193 quam
347 1125 413 1194 regii
437 1133 555 1191 satrapae
579 1140 639 1176 eum
663 1127 759 1176 scirent
782 1124 944 1192 profectum.⁸
986 1125 1048 1186 Quo

116 1192 213 1245 factum
241 1202 289 1255 est,
314 1201 342 1247 nt
368 1209 457 1245 omnes
483 1191 621 1261 imparatos
647 1193 873 1271 imprudentesque
896 1191 1046 1246 offenderet

115 1260 162 1313 ld⁹
186 1270 215 1314 nt
241 1261 361 1330 cognovit
386 1261 581 1328 Tissaphernes,
603 1262 646 1329 qui
672 1279 801 1314 summum
828 1261 964 1328 imperium
992 1271 1046 1315 tum

116 1330 184 1382 inter
212 1331 355 1399 praefectos
384 1330 493 1382 hahebat
522 1331 615 1399 regioS,
640 1331 751 1383 indutias
774 1348 790 1382 a
814 1330 918 1383 Lacone
948 1331 1046 1398 petivit,

115 1399 240 1451 simulans
264 1417 292 1453 se
315 1401 377 1453 dare
400 1414 511 1467 operam,
530 1406 559 1451 nt
583 1398 795 1451 Lacedaemoniis
818 1416 878 1451 cnm
901 1415 965 1468 rege
989 1417 1047 1452 con·

117 1468 224 1531 veniret,
233 1471 250 1503 ¹⁰
279 1487 307 1521 re
336 1477 423 1524 autem
453 1484 515 1520 vera
544 1468 577 1519 ad
607 1468 693 1535 copias
722 1467 920 1535 comparandas,
951 1485 1047 1538 easque
1125 1490 1129 1496 ·

116 1536 264 1604 impetravit
292 1539 441 1590 trimestres.
489 1536 591 1589 Juravit
613 1545 701 1589 autem
725 1545 833 1604 uterque
857 1552 886 1588 se
909 1537 966 1589 sine
989 1537 1047 1591 dolo

116 1604 229 1659 indutias
247 1616 464 1660 conservaturum.
512 1605 542 1658 lu
560 1622 610 1673 qua
628 1606 746 1672 pactione
764 1622 865 1657 summa
883 1604 934 1657 fide
952 1607 1047 1660 mansit

115 1675 269 1743 Agesilaus,
295 1684 384 1730 contra
402 1692 434 1727 ea
452 1674 640 1741 Tissaphernes
658 1673 722 1726 nihil
740 1673 808 1726 alind
827 1691 903 1741 quam
913 1674 930 1706 ¹¹
950 1674 1046 1728 bellurn

115 1746 281 1812 comparavit.
335 1745 363 1797 Id
394 1743 445 1796 etsi
474 1745 602 1796 sentiebat
634 1741 712 1804 Laco,
742 1750 830 1794 tamen
864 1743 1045 1812 jusjurandum

115 1815 235 1867 servabat
258 1814 419 1882 multumque
444 1813 471 1865 in
494 1829 525 1864 eo
548 1829 576 1863 se
600 1812 723 1879 consequi
744 1810 853 1871 dicebat,
871 1812 936 1879 quod
958 1810 1046 1865 Tissa·

115 1881 226 1949 phernes
250 1884 361 1952 perjurio
384 1899 430 1934 sno
453 1889 480 1933 et
505 1880 621 1932 homines
647 1881 701 1932 suis
727 1881 802 1932 rebus
827 1879 996 1944 abalienaret,
1020 1888 1047 1933 et

115 1949 177 2002 deos
193 1952 240 2002 sibi
259 1951 336 2003 iratos
353 1951 486 2012 redderet3
506 1966 534 2002 se
552 1948 648 2009 autern,
665 1957 816 2001 conservata
833 1948 968 2018 religione,
986 1967 1047 2001 oon·

115 2017 217 2071 firmare
236 2020 388 2081 exercitum,
405 2035 465 2072 cum
483 2018 701 2071 animadverteret
718 2018 795 2070 deum
806 2019 825 2052 ¹²
841 2034 939 2070 numen
957 2018 1046 2072 secere

144 2175 151 2198 ¹
163 2169 191 2217 ln
203 2169 243 2216 the
255 2185 312 2229 year
323 2173 367 2217 398
379 2185 402 2216 13.
411 2184 431 2216 c.

142 2261 153 2286 ²
164 2261 170 2282 ‘
180 2256 280 2310 Whom,
290 2255 379 2316 having
388 2256 450 2302 been
458 2254 616 2302 born’-that
626 2255 655 2311 ia,
668 2258 675 2280 ⁶
684 2253 774 2311 whom,
784 2252 856 2302 when
865 2254 896 2302 be
904 2269 956 2303 was
965 2255 1043 2314 boru,’

113 2330 141 2364 or
154 2315 241 2362 ‘athis
254 2314 334 2362 birth'

142 2395 151 2419 ³
164 2390 320 2445 ‘But-not,'
333 2405 360 2437 as
371 2388 515 2448 frequently.

142 2463 191 2510 ‘In
202 2462 240 2510 his
252 2462 301 2518 lise,
314 2461 414 2520 chapter
426 2465 446 2510 l.

143 2536 212 2583 ⁸We
228 2535 290 2583 have
301 2535 394 2601 several
407 2535 478 2582 times
484 2535 627 2642 ¹previously
638 2534 685 2602 had
701 2534 813 2583 occasion
829 2543 854 2582 to
869 2535 973 2582 observa
990 2534 1044 2584 that

113 2595 225 2662 thelking
236 2594 263 2642 of
272 2594 357 2642 Persia
368 2609 388 2642 rs
399 2609 457 2662 very
468 2609 483 2642 o
495 2607 536 2642 ten
546 2594 624 2642 called
634 2594 722 2654 simply
735 2611 782 2651 reo,
796 2597 847 2642 ‘the
857 2593 930 2654 king’
944 2595 977 2654 by
988 2609 1042 2654 pre·

113 2670 248 2710 emmenoe,
261 2655 302 2701 the
314 2664 381 2714 great
393 2653 459 2713 king.

140 2733 149 2757 ¹
160 2725 325 2785 Impersonal:
345 2725 411 2772 ‘thot
423 2725 440 2772 it
453 2740 504 2772 was
519 2725 599 2771 better
609 2723 644 2771 for
654 2723 758 2785 fighting
769 2722 830 2780 (that
841 2723 870 2779 is,
884 2723 919 2771 for
930 2722 972 2771 the
983 2727 1044 2778 war)

112 2794 138 2833 to
148 2787 179 2834 he
192 2784 283 2833 carried
293 2800 325 2833 on
336 2783 360 2832 in
372 2784 434 2832 Asia
445 2783 503 2831 than
514 2783 539 2830 iu
550 2783 663 2841 Europe!

141 2858 188 2905 'Iu
201 2858 241 2905 the
253 2873 324 2905 sense
335 2856 363 2904 ol
370 2865 505 2904 terrestres:
524 2870 564 2903 see
576 2855 650 2903 Aleib.
662 2858 686 2910 8,
699 2870 721 2914 p.
733 2858 772 2911 69,
785 2870 808 2903 n.
821 2858 857 2904 12.

140 2935 149 2959 ⁸
160 2930 292 2990 Agesilaus
304 2929 402 2982 crossed
412 2943 470 2976 over
481 2928 531 2974 into
544 2927 606 2974 Asia
616 2927 640 2974 in
651 2931 695 2975 396
707 2943 729 2975 Β.
738 2942 760 2976 c.

139 3000 225 3047 'That
237 3001 266 3056 is,
281 3001 318 3048 his
330 3000 417 3049 arrival
428 3002 452 3047 in
463 3000 532 3047 Asia.

140 3076 158 3100 ¹⁰
168 3072 234 3120 Mili
244 3090 294 3120 cam
302 3077 382 3133 aliquo
392 3075 508 3128 conuenit,
524 3078 530 3099 ⁴
540 3072 551 3120 1
562 3087 631 3119 come
643 3081 668 3119 to
679 3088 708 3120 an
721 3073 911 3132 understanding
922 3088 971 3120 ora
1002 3090 1042 3122 ee-

110 3141 177 3179 ment
190 3131 248 3177 with
260 3147 274 3178 a
286 3134 388 3189 person)
422 3133 476 3179 The
494 3141 581 3179 matter
592 3131 616 3178 in
627 3132 723 3191 disputa
735 3148 786 3179 was
803 3132 843 3179 the
860 3133 963 3192 indepen
982 3149 1042 3182 enee

110 3189 138 3238 os
151 3190 191 3236 the
204 3189 287 3236 Greek
298 3199 375 3237 states
386 3190 410 3237 in
423 3191 484 3238 Asia
496 3190 583 3238 Minor.

140 3268 156 3291 ¹¹
168 3261 237 3310 Nihil
247 3265 316 3310 uliud
325 3279 403 3323 quom,
417 3273 467 3318 ata,
479 3264 500 3310 ia
511 3279 526 3311 a
536 3263 674 3311 contracted
692 3263 763 3311 mode
774 3262 802 3310 of
813 3264 960 3321 expression,
973 3279 1040 3312 conr-

112 3337 169 3370 mon
180 3322 204 3370 in
216 3321 296 3378 Latin,
309 3321 345 3369 ior
356 3323 416 3369 nibil
426 3324 495 3370 aliod
505 3325 552 3383 egit
563 3338 639 3383 qoam.
672 3322 719 3369 See
732 3322 836 3370 Hannib.
850 3326 886 3378 10,
901 3323 1041 3384 beginning.

131 3408 316 3460 ‘'Fordaorum
324 3427 335 3459 .·
352 3424 395 3460 sce
410 3407 492 3458 Gram.
504 3408 519 3462 b
529 3411 568 3466 58,
580 3423 605 3456 n.
616 3411 638 3455 5.
666 3407 743 3456 Deum
751 3424 847 3463 numen,
858 3407 971 3467 properly
984 3408 1041 3457 ‘the
1070 3421 1072 3424 ·
