2324 3750
110 147 169 208 146
425 164 572 207 conumn
591 162 723 207 namara

109 276 185 345 pore¹
205 274 265 327 data
285 281 325 326 est
343 273 454 327 Eumeni
473 273 642 343 Cappadocia,
663 274 719 325 sive
737 272 820 339 potio·
838 272 939 326 dieta'
972 273 1043 328 Natu

109 353 164 398 tum
185 344 210 396 in
223 342 333 395 hostium
347 351 403 395 erat
415 351 547 412 potestate.
585 343 663 394 Hune
675 342 722 394 sibi
735 342 873 393 Perdiccas
887 343 1045 410 adjunxerat

111 429 206 482 magno
225 412 318 472 studio,
337 412 402 479 quod
425 413 451 463 in
472 412 575 464 homine
596 411 673 463 fidem
698 418 726 463 et
746 410 898 462 industriam
920 428 1044 478 magnam

110 481 221 540 videbat,
237 497 286 531 non
304 481 430 540 dubitana
449 481 470 532 si
490 496 549 532 eum
568 479 725 546 pellexisset,
738 495 833 547 magno
850 479 908 529 usui
926 479 980 529 fore
996 478 1044 531 sibi

111 550 138 602 in
157 550 188 602 iis
206 549 289 609 rebus,
302 566 365 617 quas
382 549 526 616 apparabat.
563 547 701 615 Cogitabat
717 548 794 607 enim,
807 547 872 616 quod
888 547 943 599 fere
955 563 1045 599 omnen

111 619 140 688 in
164 618 265 684 magnis
289 617 403 684 imperiis
426 617 617 683 concupiscunt,
641 615 754 667 omnium
781 615 886 682 partes³
914 615 1045 682 corripere

111 696 189 755 atque
208 686 353 752 complecti.
399 685 441 736 Ne
460 702 492 737 ue
515 701 575 735 vero
594 685 642 735 boc
660 683 705 735 ille
724 684 793 736 solus
808 685 877 744 fecit,
897 683 942 734 aed
963 682 1044 734 ceteri

112 771 211 824 quoque
234 771 330 815 omnes,
354 753 398 821 qui
421 703 564 806 Aiexandri
587 752 690 804 fuerant
713 753 798 804 amici.
837 752 941 804 Primus
963 752 1045 803 Leon·

112 832 189 876 natus
213 823 392 874 Macedoniam
418 837 606 889 praeoccupare
631 821 858 888 praedestinavit.⁴
905 820 931 871 Is
956 819 1045 871 multis

113 893 267 960 magnisque
300 890 526 959 pollicitationibus
555 890 709 957 persuadere
737 889 849 941 Eumeni
878 890 985 948 studuit.
1017 896 1045 940 ut

113 960 265 1013 Perdiccam
284 960 416 1012 desereret
433 975 464 1010 ac
483 975 571 1010 secum
591 957 688 1009 faceret
706 959 864 1009 societatem.
902 956 971 1009 Cum
990 973 1046 1024 per·

113 1030 209 1081 ducere
221 1045 280 1081 eum
295 1045 345 1080 nou
358 1037 450 1095 posset,
463 1027 610 1078 interlicere
627 1035 734 1077 conatus
751 1033 806 1088 est;
823 1034 851 1077 et
868 1025 982 1087 fecisset,
995 1025 1047 1078 uiai

114 1098 159 1150 ille
176 1097 243 1149 clam
262 1105 337 1149 noctu
357 1113 391 1148 ex
410 1095 542 1164 praesidiis
560 1096 617 1163 ejus
633 1093 775 1161 effugisset

148 1167 172 1218 3.
196 1165 303 1217 Interim
327 1163 439 1216 conflata
462 1173 523 1215 sunt
547 1163 592 1215 illa
615 1163 690 1223 bella,
708 1180 773 1229 quae
792 1179 824 1214 ae
841 1162 1045 1215 internecionem

113 1242 170 1302 poet
192 1233 335 1284 Alexandri
365 1240 472 1284 mortem
500 1241 575 1300 gesta
603 1240 671 1293 sunt,
695 1247 833 1298 omnesque
859 1237 1046 1283 concurrerunt

114 1302 145 1355 ad
167 1302 316 1354 Perdiccam
340 1301 542 1367 opprimendum.
590 1300 678 1361 Quem
703 1299 752 1351 etei
776 1300 906 1352 infirmum
933 1299 1045 1360 videbat,

114 1370 178 1439 quod
204 1386 270 1421 unus
293 1371 410 1421 omuibus
433 1369 552 1420 resistere
576 1369 723 1436 cogebatur,
747 1376 833 1420 tamen
857 1368 970 1420 amicum
996 1383 1046 1421 non

114 1439 235 1498 deseruit,
258 1454 341 1504 neque
362 1437 453 1488 salutis
472 1455 548 1504 quam
571 1437 632 1489 fidei
652 1438 701 1489 fuit
719 1436 840 1504 cupidior.
879 1437 1047 1489 Praefecerat

115 1508 184 1559 huuc
205 1507 343 1558 Perdiccas
367 1507 391 1557 ei
416 1507 480 1573 parti
502 1506 589 1566 Asiae,
611 1522 676 1572 quae
701 1505 768 1557 inter
789 1505 906 1557 Taurum
930 1512 1045 1556 montem

119 1577 191 1644 jacet
214 1583 291 1642 atque
315 1575 521 1642 Hellespontum,
542 1582 569 1626 et
593 1574 666 1625 illum
691 1591 770 1626 unum
793 1583 944 1641 opposuerat
965 1572 1046 1624 Eure-

133 1647 187 1696 aeis
216 1644 408 1706 adversariis;¹
438 1643 493 1710 ipse
521 1642 689 1711 Aegyptum⁸
718 1651 892 1709 oppugnatum
922 1641 1046 1692 adversus

115 1661 294 1765 Ptolemaeum
320 1721 376 1764 erat
399 1712 535 1779 profectus.
582 1711 713 1763 Eumenes
737 1726 796 1761 cum
823 1726 907 1777 neque
937 1724 1048 1776 magnas

116 1782 203 1849 copias
231 1798 314 1848 neque
344 1780 431 1832 firmae
460 1780 573 1840 haberet,
596 1779 661 1846 quod
686 1787 713 1831 et
736 1779 922 1831 inexercitatae
945 1786 973 1828 et
996 1792 1046 1828 nou

117 1850 198 1902 multo
226 1859 287 1900 ante
316 1857 390 1900 erant
419 1856 575 1908 contractae,
605 1847 748 1899 adventare
781 1855 868 1898 autem
897 1847 1047 1897 dicerentur

116 1918 366 1984 Hellespontumque
385 1916 506 1968 transisse
528 1915 665 1982 Antipater
685 1923 712 1967 et
729 1915 852 1967 Craterus
871 1931 966 1982 magno
986 1930 1047 1965 cum

117 1987 233 2038 exercitu
255 1985 435 2045 Macedonum,
458 1984 505 2036 viri
527 2001 586 2036 cum
606 1983 733 2045 claritate,
752 1993 805 2034 turn
826 2000 873 2034 usu
893 1983 955 2034 belli
975 1997 1047 2049 prae·

116 2062 215 2107 stantes
239 2053 411 2120 (Macedones
434 2069 495 2104 vero
518 2053 614 2104 milites
636 2068 669 2104 ea
696 2061 751 2104 tum
775 2059 850 2104 erant
873 2051 970 2112 faura,⁷
996 2064 1048 2116 qua

146 2195 221 2242 ²t'ue
238 2196 292 2242 sum
306 2194 337 2242 ol
350 2194 391 2241 the
410 2206 526 2242 sentence
543 2195 563 2241 is
581 2194 643 2241 this:
661 2195 799 2241 Alexandro
811 2193 860 2240 Bab
877 2195 930 2240 lone
943 2201 1044 2246 mortuo,

116 2257 217 2320 dotaueat
227 2253 330 2301 Eumeni
344 2253 497 2319 Cappadocia,
511 2262 551 2300 cet.
582 2252 631 2299 But
648 2268 674 2299 us
689 2269 704 2298 a
719 2211 884 2299 considerabie
901 2253 1004 2298 number
1013 2250 1042 2297 of

117 2313 252 2369 subsidiary
264 2312 359 2358 clauses
371 2323 496 2357 intervene
508 2312 619 2356 between
632 2310 672 2357 the
683 2310 734 2357 first
745 2310 826 2357 clause
838 2309 1049 2363 androcusque

117 2380 216 2431 tempore
227 2371 247 2416 ia
258 2369 373 2423 inserted,
385 2380 410 2414 to
420 2379 511 2426 repeat,
522 2384 549 2414 as
561 2368 577 2415 it
591 2383 663 2423 were,
673 2370 810 2416 Alexandro
817 2368 936 2429 Babylone
946 2376 1045 2415 mortuo.

146 2455 214 2502 ’For
222 2457 324 2510 addicta,
338 2453 481 2514 ‘assigned'
515 2453 577 2502 This
587 2455 700 2515 meaning
710 2455 738 2502 os
744 2459 819 2503 dicere
830 2455 850 2502 is
862 2463 902 2502 not
912 2469 970 2514 very
980 2469 1046 2502 com·

117 2529 183 2562 mon.

146 2592 155 2616 ²
168 2585 334 2643 ‘Provinees,’
350 2585 518 2640 ‘territeries,’
534 2584 701 2633 ‘domininus'

146 2657 252 2716 ‘Nepos
269 2657 289 2704 is
305 2655 486 2714 unuecesearily
502 2656 645 2714 particular:
664 2655 788 2704 ‘resolved
804 2655 886 2704 before
902 2671 949 2715 any
961 2654 989 2702 of
1001 2654 1044 2703 the

118 2716 199 2763 others
217 2727 242 2763 to
258 2715 322 2764 aeine
341 2715 484 2763 Macedonia
501 2714 582 2761 before
601 2730 648 2774 any
666 2715 694 2761 ol
709 2715 749 2761 the
769 2715 867 2762 others’
908 2714 1047 2762 Destirmur't

118 2774 187 2821 alona
208 2775 287 2822 would
310 2776 339 2822 be
359 2775 424 2832 quite
443 2772 572 2820 sufficient.
605 2773 789 2821 Praedeatiuore
809 2774 829 2820 is
849 2788 863 2820 a
882 2773 947 2821 word
966 2772 1048 2820 which

118 2848 203 2880 occurs
213 2849 271 2893 very
282 2833 360 2893 rarely
372 2834 396 2880 in
407 2833 470 2892 good
482 2831 597 2891 Latinity.

148 2919 283 2977 'Namely,
302 2919 430 2977 Antipater
445 2917 491 2965 und
509 2917 632 2972 Craterus,
651 2916 706 2964 who
720 2915 768 2964 had
785 2916 825 2964 the
842 2925 1000 2977 government
1017 2915 1046 2964 ol

121 2974 266 3024 Macedonia
277 2976 323 3024 and
334 2977 435 3024 Greece.

146 3056 155 3079 ⁸
167 3050 298 3117 Aegyptum
311 3051 332 3096 is
343 3048 387 3096 not
396 3066 425 3097 an
436 3049 572 3098 accusative
581 3046 609 3094 ol
615 3047 682 3106 place
697 3047 828 3105 ‘whither,'
841 3049 884 3096 but
895 3048 914 3094 is
926 3046 1048 3108 governed

118 3111 152 3169 by
163 3108 203 3154 the
215 3122 300 3165 supine
311 3118 479 3169 oppugnatum.

146 3179 204 3227 'Ea
213 3180 281 3239 suurn
299 3180 319 3226 is
337 3195 366 3225 an
384 3179 489 3227 ablativo
507 3179 534 3226 os
549 3177 649 3237 quality,
672 3177 712 3225 ‘os
729 3179 781 3225 that
803 3177 955 3233 reputation’
998 3177 1047 3223 We

119 3250 203 3299 expect
221 3238 244 3285 in
261 3237 301 3284 the
318 3237 417 3284 relative
434 3238 516 3285 clause
528 3245 593 3288 rurrt.
608 3246 645 3282 not
657 3238 782 3297 feruutur.
815 3236 939 3283 Feruntur
955 3235 975 3282 is
987 3234 1048 3283 used

116 3300 148 3406 pp>
160 3297 287 3406 tpe4sense
304 3296 331 3343 ol
345 3296 482 3357 efferuntur,
503 3302 558 3344 ‘are
574 3294 696 3342 exrottedt
732 3295 851 3354 Compare
862 3294 971 3354 Lysand.
983 3297 1005 3349 4,
1023 3308 1046 3353 p.

144 3393 153 3414 ,
185 3393 190 3405 .
218 3392 224 3405 ,
