2324 3750
111 151 170 213 140
426 165 574 212 coenam
594 166 725 211 aarum

110 279 237 330 fortunam
257 275 393 338 Graeciae,
409 278 474 344 quad
495 286 548 331 tam
570 278 646 331 multi
665 295 681 331 a
701 294 730 330 ae
751 275 813 330 victi
834 276 900 330 vitio
922 277 1044 332 adversa·

110 348 204 399 riorum
225 347 412 399 concidissent:
438 364 548 414 namque
569 348 615 400 illa
636 347 820 407 multitudine,¹
839 347 863 399 si
883 364 947 400 sana
970 366 1044 400 mens

110 425 179 468 esset
202 415 322 475 Graecia,
340 416 494 482 supplicium
518 416 612 468 Persae
634 417 696 468 dare
720 417 840 482 potuisse.
885 416 957 469 Idem
983 435 1042 470 cum

110 485 269 537 adversarios
304 485 372 536 intra
407 485 508 536 moenia
541 485 715 553 compulisset,
751 493 786 545 et,
821 492 851 537 ut
887 485 1041 539 Corinthum

110 561 278 622 oppugnaret,
304 553 378 605 multi
408 554 578 614 hortarentur,
603 555 710 622 negavit
733 553 757 605 id
782 571 846 605 suae
870 553 961 606 virtuti
984 571 1044 607 con·

110 624 213 674 venire:
238 639 267 675 se
287 624 357 674 enim
378 624 456 674 eum2
472 638 529 674 esse
553 622 626 682 dixit,
644 623 688 690 qui
711 624 742 675 ad
766 622 879 674 officium
904 633 1043 690 peccantes

110 693 195 744 redire
207 700 320 760 cogeret,
334 707 383 743 non
396 691 439 759 qui
458 692 533 743 urbes
549 690 719 744 nobilissimas
730 700 893 758 expugnaret
905 691 1041 745 Graeciae.

111 761 197 814 ‘Nam
221 761 259 824 ai‚'
282 761 371 827 inquit,
393 769 453 812 ‘eus
477 761 632 829 extinguere
653 761 816 822 voluerimus,
838 762 882 828 qui
910 761 1042 813 nobiscum

111 831 234 884 adversus
256 830 374 882 barbaros
395 836 531 891 steterunt,
549 837 650 881 nosmet
667 830 715 897 ipsi
734 846 780 882 nos
797 830 1042 897 expugnaverimus,

111 901 163 953 illis
174 899 383 967 quiescentibus.³
418 899 480 959 Quo
492 898 568 959 facto,
580 899 636 950 sine
648 899 770 967 negoti0,⁴
781 914 841 950 cum
850 898 988 962 voluerint,
998 915 1044 951 noe

110 968 270 1038 oppriment!

153 1039 179 1090 6.
207 1037 332 1089 laterim⁶
349 1037 444 1089 accidit
464 1036 509 1087 illa
531 1037 666 1089 calamitas
686 1036 888 1104 apatheiam
911 1036 1043 1089 Iacedae·

110 1106 210 1159 moniis.
247 1106 308 1165 Quo
320 1122 353 1158 ue
366 1105 588 1172 proficisceretur,⁸
600 1123 660 1159 cum
672 1123 688 1158 a
699 1107 826 1174 plerisque
842 1105 874 1157 ad
893 1106 1042 1158 exeundum

111 1182 278 1242 premeretur,
292 1182 320 1226 ut
337 1175 359 1226 si
377 1175 409 1225 de
427 1173 498 1225 exitu
517 1175 653 1234 divinaret,
666 1177 739 1228 exire
758 1174 845 1226 noluit.
884 1173 964 1235 Idem,
982 1191 1042 1227 cum

110 1243 300 1310 Epaminondas
342 1242 462 1309 Spartam
497 1246 683 1311 oppugnaret,⁷
714 1252 835 1309 essetque
869 1244 926 1294 sine
963 1245 1043 1295 muria

110 1312 238 1379 oppidum,
270 1311 348 1363 talem
379 1327 407 1362 se
438 1312 616 1378 imperatorem
654 1313 777 1381 praebuit,
809 1322 838 1365 ut
866 1328 898 1363 eo
926 1319 1042 1379 ternpore

110 1383 227 1433 omnibus
250 1381 405 1448 apparuerit,
424 1380 473 1432 nisi
498 1380 543 1433 ille
568 1382 684 1442 fuisset,⁸
709 1381 828 1448 Spartam
854 1380 966 1432 futuram
993 1398 1042 1433 non

111 1448 197 1502 fuisse.
235 1450 265 1503 ln
278 1467 328 1517 quo
343 1450 446 1516 quidem
464 1449 612 1503 discrimine
630 1451 752 1506 celeritas
770 1450 826 1519 ejus
843 1449 945 1501 consilii
963 1449 1043 1502 saluti

112 1518 161 1570 fuit
190 1519 323 1571 universis.
377 1518 448 1570 Nam
483 1535 541 1570 cum
571 1519 674 1586 quidam
695 1519 900 1588 adolescentuli,
929 1518 1041 1571 hostiurn

111 1588 225 1640 adventu
244 1588 380 1654 perterriti,
398 1587 430 1638 ad
449 1587 587 1640 Thebanos
607 1589 769 1656 transfugere
788 1588 893 1642 vellent.
912 1595 939 1638 et
957 1587 1043 1639 locum

111 1667 186 1709 extra
215 1658 303 1709 urbem
333 1657 430 1709 editum
458 1660 594 1724 cepissent,
618 1658 765 1724 Agesilaus,
789 1657 832 1724 qui
860 1655 1043 1724 perniciosissi-

112 1743 182 1778 mum
213 1727 266 1778 fure
296 1726 413 1793 videret?
441 1726 463 1777 si
491 1726 698 1779 animadversum
728 1735 798 1778 esset
825 1742 980 1793 quemquam
1010 1723 1042 1776 ad

114 1795 201 1846 hostes
219 1795 379 1862 transfugere
396 1794 564 1855 cenaticum
583 1795 637 1846 suis
654 1811 685 1847 eo
697 1795 776 1855 venit,
789 1802 874 1861 atque,
892 1803 921 1846 ut
938 1793 959 1845 si
979 1793 1043 1846 bono

111 1866 197 1915 animo
219 1862 348 1925 fecissent,
369 1863 484 1914 laudavit
507 1863 641 1915 consilium
665 1880 762 1924 eorum,
783 1863 932 1931 quod-euru
956 1861 1043 1914 locum

140 2005 148 2027 ¹
161 2000 201 2045 An
212 1998 316 2045 ablative
328 1998 447 2051 absolute,
463 1997 518 2045 ‘the
530 2000 631 2045 number
643 1999 679 2053 (of
693 1999 789 2046 Greeks
800 1998 856 2044 who
873 2008 922 2045 met
939 2009 964 2044 to
980 1997 1043 2058 light

111 2058 204 2119 against
216 2072 261 2104 one
273 2057 381 2111 another)
393 2057 481 2117 having
493 2060 554 2105 been
565 2073 592 2105 so
603 2059 689 2117 great,’
705 2057 786 2105 ‘there
803 2057 892 2117 having
908 2058 969 2104 been
981 2056 1042 2104 such

111 2134 126 2165 a
137 2116 263 2165 multitude
274 2117 290 2163 ε’
314 2116 394 2164 Gram.
407 2117 420 2168 b
431 2120 484 2171 405,
497 2132 520 2163 u.
532 2120 553 2164 2.
581 2116 729 2179 Supplicium
736 2119 803 2168 dara
816 2115 864 2163 lilie
873 2133 962 2178 poenas
973 2118 1040 2172 dare,

111 2191 196 2224 means
209 2183 249 2222 ‘to
260 2176 315 2235 give
326 2175 582 2223 satisfactam-thar
599 2176 628 2230 is,
643 2181 680 2222 ‘to
695 2175 769 2223 suffer
780 2175 951 2233 punishment)
986 2174 1042 2222 'l‘be

111 2235 251 2294 expression
260 2236 400 2296 supplicium
408 2234 494 2282 Parrus
503 2238 561 2283 dare
568 2235 675 2296 patuisse
686 2235 706 2282 is
715 2245 753 2281 aot
762 2249 820 2294 very
829 2233 930 2294 logical:
944 2234 1041 2282 Graecas

111 2296 252 2356 supplicium
262 2296 291 2340 da
302 2292 385 2340 Peraia
397 2310 487 2341 sumere
495 2295 602 2354 potuisse
613 2293 692 2340 would
706 2295 735 2341 be
748 2294 833 2340 better.

140 2367 225 2413 'That
237 2367 266 2422 is,
279 2368 356 2419 talem,
373 2365 414 2412 ‘of
426 2365 485 2413 such
497 2381 511 2412 a
522 2365 661 2413 character)

139 2444 149 2468 ⁸
162 2438 260 2485 ‘While
272 2438 330 2497 they
342 2437 391 2493 (the
404 2437 526 2491 Parsiana)
538 2453 577 2485 are
589 2449 612 2484 at
625 2448 683 2495 rest,
696 2438 795 2499 gaining
805 2438 935 2499 strength'

140 2510 291 2558 ⁴‘Withaut
311 2509 448 2569 difficulty,'
467 2525 482 2556 a
501 2525 572 2557 sense
589 2510 669 2558 which
688 2511 730 2558 the
747 2512 813 2558 word
835 2510 878 2558 has
897 2519 978 2570 pretty
994 2510 1041 2559 fre·
1082 2543 1087 2551 ·

111 2569 258 2677 quflhliiim
268 2628 325 2676 here
336 2638 400 2677 must
413 2629 443 2676 be
455 2627 528 2675 taken
540 2627 564 2674 in
575 2642 654 2686 avery
663 2627 725 2675 wide
736 2643 816 2682 sense,
826 2628 862 2675 for
873 2627 914 2675 the
926 2627 1003 2675 battle
1012 2627 1041 2675 of

112 2689 216 2736 Leuctra
234 2697 268 2744 (as
288 2699 313 2735 to
330 2687 408 2737 which
428 2703 468 2736 see
485 2687 567 2749 Epam
580 2691 603 2743 5,
617 2702 639 2746 p.
653 2690 703 2741 124,
717 2701 740 2733 n.
752 2691 786 2740 10)
798 2687 856 2734 tooli
872 2687 940 2746 place
957 2688 980 2734 in
997 2691 1041 2736 371

111 2763 135 2796 a.
144 2763 174 2802 c.,
188 2747 361 2807 twenty-three
371 2763 440 2807 years
452 2746 512 2794 aster
522 2746 562 2793 the
574 2746 649 2794 battle
658 2746 686 2793 of
694 2746 803 2794 Corinth.
828 2746 883 2803 Illa,
900 2746 965 2793 ‘that
974 2746 1043 2794 well·

111 2806 220 2863 known,'
235 2823 261 2855 as
272 2823 330 2867 very
342 2805 486 2866 frequently.

140 2887 149 2910 ⁸
163 2881 243 2928 ‘That
256 2881 286 2928 be
297 2880 330 2928 mi
349 2881 375 2927 ht
387 2891 428 2928 not
439 2895 471 2940 go
482 2888 506 2926 to
517 2877 567 2926 this
578 2878 653 2926 battle
654 2913 755 2936 .....
771 2878 802 2926 ba
818 2877 914 2925 refused
931 2887 957 2925 to
973 2877 1042 2925 leave

112 2939 153 2986 the
165 2940 214 2999 city
224 2950 248 2988 at
259 2939 307 2986 all.’
332 2896 457 3001 lroflrisci
467 2939 511 2986 has
522 2937 579 2985 here
591 2953 605 2984 a
615 2937 704 2996 special
716 2937 847 2993 reference,
858 2936 968 2984 whereas
980 2940 1044 2985 eaire

111 2997 132 3045 is
143 2999 248 3056 general.
280 2998 329 3047 For
338 3000 410 3050 erite,
421 3007 505 3046 eventu
515 2996 595 3044 would
606 2995 667 3044 have
679 2997 741 3044 been
753 2998 840 3054 better,
851 2997 892 3044 thc
904 2997 1040 3046 accumula·

111 3057 161 3104 tion
173 3056 201 3103 of
213 3060 351 3112 creandum,
365 3059 438 3112 arira,
452 3059 522 3112 exire,
537 3056 608 3116 being
619 3056 749 3117 inelegant.

141 3133 149 3156 ³
160 3127 243 3176 111369
255 3143 278 3176 a.
288 3142 309 3177 a.
343 3127 463 3187 Compare
474 3126 557 3192 epam.
568 3131 591 3178 8.

139 3205 150 3233 ⁸
161 3200 199 3250 Aa
209 3210 234 3249 to
244 3200 294 3249 this
304 3202 454 3260 expression,
466 3215 507 3252 aee
519 3200 609 3257 Conari,
621 3205 644 3256 2.
657 3216 681 3261 p.
689 3204 726 3257 81,
738 3216 761 3250 n.
772 3204 807 3250 to.
838 3200 893 3249 The
904 3215 947 3250 usa
957 3201 1044 3251 ofesce

112 3274 137 3323 in
152 3273 194 3323 tba
211 3283 260 3322 two
271 3273 366 3322 clauses
377 3275 477 3334 Uafasat
483 3276 628 3336 -saturam
637 3274 813 3336 censuissetis
828 3283 912 3335 strong
927 3273 975 3322 and
991 3273 1041 3322 elo·

112 3343 195 3443 (1ῗῖἓᾷ
204 3402 232 3444 ω
241 3391 292 3445 2111,
301 3390 467 3458 munatius,
479 3401 523 3444 ate
534 3390 616 3443 Gran„
625 3391 642 3444 l
650 3390 747 3449 bamba
759 3388 836 3441 Elaea
844 3391 929 3440 errat
937 3388 994 3446 aab,
1003 3395 1028 3438 6.
