2324 3750
451 200 535 244 xvn.
557 200 741 244 sossrnnus.
1007 183 1064 243 143

124 313 173 375 his,
196 312 240 380 qui
262 319 317 365 turn
337 311 506 364 accubabant
544 312 597 372 Qui
618 328 678 364 oum
700 312 770 381 regis
788 312 887 365 verbis¹
912 327 978 380 quae
999 319 1066 365 attn·

126 383 212 434 lerant
235 382 373 443 dedissent,
398 379 443 431 ille
467 389 570 448 praeter
593 381 728 433 vitulinam
760 390 788 434 et
811 381 936 451 ejusmodi
967 398 1066 448 genera

125 451 231 512 obsonii,
262 467 328 517 quae
359 465 481 516 praesens
516 459 618 517 tempus
646 451 816 513 desiderabat,
847 451 912 503 nihil
941 450 1065 518 accepit;

127 529 271 588 unguenta,
295 535 410 579 coronas,
434 518 626 586 secundamque
652 521 787 571 mensam²
815 522 898 572 servis
928 519 1066 586 dispertiit,

126 598 214 640 cetera
238 587 329 640 referri
350 586 434 655 jussit.
484 587 545 648 Quo
571 588 645 648 laem,
668 605 728 640 cum
753 589 852 641 barbari
877 589 961 656 magis
987 589 1066 640 etiam

126 663 346 725 contempserunt,
371 656 435 722 quod
466 673 526 709 enm
557 657 703 725 ignorantia
732 659 854 712 bonarum
886 659 991 710 rerum³
1021 657 1066 710 illa

127 727 287 796 potissimum
307 726 447 792 sumpsisse
464 726 662 778 arbitrabantur.

163 795 217 849 Hic
230 810 289 847 oum
303 811 337 846 ex
350 796 472 862 Aegypto
489 803 672 857 reverteretur,
691 795 801 849 donatus
818 814 834 848 a
852 812 916 864 rege
934 795 1067 849 Nectana-

127 864 204 916 bide⁴
228 864 349 916 ducentis
373 861 468 932 viginti
491 863 605 925 talentis,
630 881 696 931 quae
716 866 761 918 ille
782 866 884 918 muneri
907 866 999 932 populo
1020 883 1067 918 sno

126 934 209 994 daret,
233 933 399 999 venissetque
426 933 451 983 in
476 941 585 1001 portum,
610 934 654 1000 qui
678 933 796 987 Menelai
821 942 935 996 vocatur,
957 934 1066 1002 jacens⁵

128 1003 196 1054 inter
216 1001 351 1069 Cyrenas⁸
371 1008 398 1054 et
419 1001 579 1069 Asnyptum
600 1002 626 1053 in
646 1004 761 1056 morbum
780 1004 928 1071 implicitus,
946 1004 1065 1057 decessit

127 1070 166 1124 Ibi
190 1086 251 1124 eum
276 1070 363 1131 amici,
384 1088 435 1138 quo
456 1046 575 1139 §partam
601 1071 703 1122 facilius
727 1075 840 1142 perferre
866 1081 975 1140 possent,
999 1073 1066 1140 quod

127 1140 258 1261 mellnon
282 1140 418 1203 habebant,
441 1142 519 1192 eera⁷
548 1140 776 1208 circumfuderunt,
800 1149 878 1211 atque
902 1142 939 1195 ita
963 1143 1067 1195 domum

127 1215 282 1263 retuerunt.

157 1402 166 1426 ¹
180 1397 227 1444 ‘In
239 1397 280 1444 the
292 1396 376 1456 king's
386 1396 475 1444 name!
509 1396 556 1443 See
572 1394 684 1445 Themist.
697 1401 720 1452 t,
734 1413 756 1456 p.
769 1401 806 1454 30,
819 1386 843 1446 n.
855 1402 878 1446 8.

157 1469 245 1518 ’Thai
256 1469 286 1524 is,
302 1469 360 1517 ‘the
371 1469 462 1517 second
473 1470 579 1525 course,'
595 1470 723 1525 ‘dessert,'
740 1471 819 1518 ‘fruit

157 1542 257 1590 'Bonae
268 1559 305 1590 m
316 1541 373 1589 here
385 1557 425 1589 are
439 1541 599 1589 ‘delioacies’

158 1621 167 1645 ⁴
179 1615 332 1663 Nectanabis
343 1613 450 1662 rebelled
462 1614 556 1674 against
567 1612 676 1670 Tachus,
687 1614 735 1662 and
746 1614 879 1674 Agesilaus
890 1617 995 1666 assisted
1006 1618 1064 1668 him.

130 1674 178 1722 See
193 1673 261 1722 Cirnb.
272 1677 294 1730 2,
307 1688 328 1733 p.
343 1676 393 1728 100,
408 1688 431 1720 n.
443 1676 464 1720 6.
1065 1693 1067 1697 ·

160 1754 168 1778 ⁸
180 1746 296 1805 Properly
303 1746 428 1807 jacentem,
442 1745 556 1805 ngreeing
565 1744 624 1792 with
632 1755 736 1813 portum,
749 1747 792 1794 but
805 1747 822 1794 it
835 1747 855 1794 is
867 1747 951 1796 drawn
962 1749 1012 1797 into
1024 1750 1066 1800 the

129 1805 231 1854 relative
242 1804 333 1859 clause,
347 1803 393 1852 and
405 1804 475 1852 made
487 1814 512 1851 to
523 1819 594 1864 agree
607 1805 664 1851 wnh
677 1807 726 1865 qai.

146 1876 276 1985 fflprene
293 1892 319 1924 ar
331 1876 451 1937 Cyrenas,
465 1891 496 1925 nn
512 1876 641 1936 important
655 1877 738 1926 Greek
755 1878 804 1938 city
816 1894 846 1927 on
863 1880 904 1926 the
916 1881 987 1930 north
998 1891 1066 1932 coust

130 1952 145 1985 o
202 1951 258 1984 rroa.

159 2007 244 2055 'Both
261 2006 398 2076 honeyfland
409 2022 463 2054 wax
475 2022 539 2055 were
554 2007 616 2075 used
631 2009 664 2069 by
676 2009 717 2058 the
734 2011 843 2060 ancients
858 2010 895 2062 lor
905 2014 1063 2077 embalming‚

129 2067 173 2116 the
184 2066 257 2115 letter
266 2065 399 2126 especially
410 2068 444 2126 by
455 2065 496 2114 the
508 2066 630 2114 Persians.
