2324 3750
420 176 479 221 xv.
499 175 735 220 aasumonnss.
984 159 1041 220 123

144 291 169 344 fs
188 288 305 342 Tentata
322 291 411 340 autem
429 288 486 355 ejus
506 296 547 340 est
564 288 719 340 abstinentia
738 306 754 340 a
774 287 945 341 Diomedonte
964 287 1042 357 Cyzi·

110 362 202 412 00110.Ι
245 358 366 424 Namque
391 356 414 409 is
436 365 526 425 rogatu
551 357 723 409 Artaxerxis²
745 358 816 425 regis
839 357 1042 425 Epaminondam

110 428 221 495 pecunia
244 425 458 492 corrumpendum
482 432 638 491 susceperat
686 425 738 476 Hic
768 442 863 494 magno
891 443 951 478 curn
982 442 1042 493 pon·

110 497 172 548 dere
188 496 247 548 auri
264 495 370 546 Thebas
387 494 466 555 venit,
484 501 512 546 et
529 494 676 559 Micythum
693 493 912 547 adolescentulum
931 496 1043 615 0111οἩ00

111 565 217 617 talentis
233 565 266 616 ad
284 580 358 614 suam
378 562 497 631 perduxit
509 563 676 622 voluntatem,
690 579 765 628 quem
785 574 840 615 tum
852 563 996 630 Epaminon
1015 583 1044 618 as

110 633 249 701 plurimum
273 631 405 699 diligebat
461 632 595 699 Micythus
624 630 827 697 Epaminondam
858 633 987 694 convenit,
1017 641 1045 687 et

111 718 216 753 erumna
240 701 368 752 adventus
391 700 569 752 Diomedontis
591 699 709 752 ostendit.
750 703 786 752 At
808 700 853 752 ille
873 700 1043 755 Diomedonte

111 785 197 822 coram
222 769 348 828 ‘Nihit’t
370 768 460 835 inquit,
486 777 564 836 ‘opus
586 769 696 836 pecunia
720 777 766 821 est.
809 768 879 820 Nam
901 767 924 820 si
944 786 991 821 rex
1012 787 1044 823 ea

112 839 175 899 vult,
199 855 266 906 quae
290 837 423 890 Thebanis
445 845 506 890 sunt
530 837 612 897 utilia,
633 839 715 904 gratis
738 838 824 890 faeere
844 854 901 889 sum
923 845 1043 905 paratus3

111 908 151 959 sin
168 915 257 960 autern
274 907 410 967 contraria,
424 923 472 958 nou
487 907 562 957 habet
574 905 631 957 auri
643 913 720 972 atque
738 907 840 974 argenti
857 905 928 958 satis.
963 906 1044 959 Nam·

129 992 162 1028 ue
179 976 249 1028 orbis
265 985 391 1028 terrarum
404 974 507 1027 divitias
524 976 643 1042 accipere
662 975 719 1026 nolo
737 977 799 1042 pro⁴
816 975 913 1042 patriae
925 975 1042 1028 caritate.

111 993 256 1111 ξ1111110011
278 1059 321 1095 me
342 1043 501 1111 incognitum
522 1044 628 1095 tentasti
647 1044 734 1110 tuique
752 1044 862 1096 similem
881 1045 1044 1109 existimasti,

112 1130 162 1165 non
186 1112 272 1175 miror,
297 1113 393 1177 tibique
416 1111 535 1180 ignosc03
566 1112 610 1163 sed
635 1111 760 1180 egredere
785 1129 898 1180 propere,
923 1130 957 1164 ne
980 1114 1045 1167 alios

113 1198 268 1248 corrumpas,
281 1180 361 1234 cum⁸
378 1197 420 1232 me
438 1197 488 1232 non
506 1180 627 1248 potueris.
663 1180 698 1232 Et
716 1191 751 1242 tu,
767 1182 892 1249 Micythe,
906 1191 1043 1250 argentum

113 1250 173 1302 huie
192 1250 285 1314 redde;
304 1250 354 1302 nisi
372 1249 396 1301 id
415 1250 549 1302 confestim
564 1249 635 1310 facis,
650 1266 700 1316 ego
713 1258 738 1302 te
750 1251 848 1302 tradam
863 1251 1043 1319 magistratui.⁸

114 1319 194 1371 Hune
220 1318 362 1371 Diomedon
391 1334 450 1370 cum
480 1328 590 1388 rogaret,
616 1327 645 1370 ut
671 1326 726 1371 tuto
752 1320 825 1371 exire
849 1336 953 1386 suaque,
977 1336 1044 1387 quae

113 1387 245 1448 attulerat,
276 1387 368 1439 liceret
397 1387 498 1448 efferre,
528 1387 618 1439 ‘Istud
649 1387 768 1454 quidem?
799 1387 888 1454 inquit,
920 1388 1042 1450 ‘faciam

114 1459 215 1522 neque⁷
237 1464 283 1508 tua
304 1472 383 1507 causa
404 1455 448 1506 sed
469 1472 535 1516 mea,
558 1473 598 1517 ne,
619 1456 642 1506 si
663 1456 710 1506 tibi
730 1457 764 1506 sit
785 1457 896 1522 pecunia
916 1457 1044 1522 adempta,

114 1524 208 1592 aliquis
230 1525 301 1577 dicat
324 1524 349 1576 id
373 1523 405 1576 ad
429 1540 472 1576 me
501 1531 618 1592 ereptum
649 1525 803 1591 pervenisse,
834 1525 899 1590 quod
929 1525 1044 1578 delatum

114 1595 234 1660 accipere
257 1592 414 1646 noluissem?
458 1595 482 1644 A
506 1610 556 1659 quo
579 1609 639 1644 eum
661 1592 811 1659 quaesisset,
832 1609 882 1658 quo
901 1609 930 1644 se
950 1593 1044 1645 deduci

115 1662 203 1723 vellet,
224 1671 251 1714 et
270 1662 316 1713 ilie
329 1661 446 1713 Athenas
463 1662 577 1723 dixisset,
597 1661 751 1727 praesidium
771 1661 848 1720 dedit,
867 1671 896 1713 ut
916 1669 971 1714 tuto
990 1679 1045 1728 per-

115 1730 224 1783 veniret.
259 1730 354 1797 Neque
372 1729 475 1782 veroid
496 1730 559 1782 satis
580 1730 675 1792 habuit,
691 1729 735 1780 sed
755 1730 841 1789 etiam,
861 1738 890 1781 ut
907 1730 1045 1782 inviolatus

116 1798 141 1849 in
165 1816 258 1852 navem
290 1799 451 1859 escenderet,
476 1815 522 1866 per
545 1798 683 1850 Chabriam
709 1798 905 1860 Atheniensem,
931 1800 964 1850 de
994 1815 1045 1866 quo

114 1884 190 1934 supra
209 1868 365 1920 mentionem
385 1867 500 1928 fecimus,
519 1867 614 1919 effecit.
652 1866 831 1918 Abstinentiae
850 1869 900 1920 erit
917 1868 964 1919 hoc
982 1868 1045 1920 satis

115 1937 315 1989 testimonium.⁸
350 1935 466 1988 Plurima
484 1935 586 2003 quidem
605 1936 718 2002 proferre
735 1952 874 2003 possemus,
893 1937 937 1989 sed
956 1928 1046 1989 rhodus

115 2005 274 2057 adhibendus
290 2013 338 2062 est,
357 2004 475 2072 quoniam
495 2021 545 2056 uuo
562 2005 610 2056 hoe
623 2004 754 2061 volumine
766 2004 845 2056 vitam
858 2006 1044 2058 excellentium

116 2072 227 2126 virorum
253 2073 422 2140 complurium
443 2072 598 2125 concludere
619 2073 805 2134 constituimus,
826 2075 950 2139 quorum⁹
972 2090 1046 2140 sepa·

116 2142 192 2261 1011ἱο
212 2141 301 2196 multis
321 2141 426 2194 milibus
447 2159 569 2195 versuum
590 2141 736 2208 complures
757 2141 894 2208 scriptores
916 2150 977 2194 ante
998 2158 1046 2194 nos

115 2225 149 2262 ex
178 2210 286 2263 icarunt.

150 2226 176 2332 h).
202 2279 264 2332 Fuit
287 2279 367 2331 etiam
384 2278 530 2340 1110011110,ιο
553 2284 582 2331 ut
606 2294 682 2331 nemo
700 2278 724 2330 ei
746 2278 887 2331 Thebanus
910 2281 957 2346 par
976 2285 1048 2332 esset

146 2465 203 2512 ²Aa
214 2475 240 2512 10
252 2463 364 2523 Cynicus,
376 2478 418 2510 see
433 2462 530 2511 Timum.
544 2468 564 2518 1,
577 2479 600 2522 p.
613 2468 663 2520 103,
678 2480 700 2513 n.
712 2469 734 2514 7.

143 2538 314 2587 lArtaxerxes
327 2535 453 2583 Mnemon.
486 2535 541 2584 The
553 2535 608 2584 date
620 2537 640 2584 is
652 2539 724 2586 about
736 2540 780 2587 374
792 2553 816 2586 a.
827 2553 848 2586 0.

145 2611 220 2659 ’The
236 2610 374 2658 accusative
391 2609 418 2656 of
430 2608 561 2665 reference,
576 2611 614 2657 ‘in
630 2610 738 2672 nothing*
747 2611 835 2658 —that
847 2610 876 2668 is,
890 2612 946 2658 ‘not
957 2617 981 2658 at
992 2595 1048 2666 all?

118 2670 156 2719 ‘in
167 2685 199 2718 no
210 2670 280 2730 way!
316 2669 397 2716 Gram.
409 2670 422 2730 Ξ
433 2671 487 2724 259,
502 2673 524 2723 2,
538 2684 561 2716 n.
573 2673 595 2716 2.

144 2748 154 2771 ¹
166 2742 209 2790 ‘In
221 2742 289 2801 place
300 2740 342 2797 of,’
358 2740 467 2789 ‘instead
478 2740 518 2788 of.'

145 2814 306 2862 ‘Diomedon
338 2813 366 2861 In
379 2814 420 2861 the
432 2823 488 2861 neat
500 2823 614 2862 sentence
626 2814 656 2862 he
668 2823 737 2861 turns
749 2823 774 2860 10
785 2813 917 2873 Micythus.

143 2893 153 2918 ⁸
166 2887 329 2947 ‘Althongh,'
342 2903 369 2934 as
380 2887 421 2934 the
433 2901 505 2934 sense
517 2886 545 2934 01
552 2886 592 2933 the
604 2902 706 2948 passage
718 2886 808 2934 shows.

144 2964 153 2987 ¹
166 2959 239 3007 ‘And
250 2961 310 3015 not,'
323 2975 350 3007 or
363 2959 424 3006 ‘and
435 2959 487 3006 that
500 2959 557 3007 not!

144 3036 153 3062 ⁸
166 3031 286 3079 Construe
304 3031 374 3079 thus:
392 3035 431 3078 hoc
442 3033 600 3078 testimoninm
611 3032 769 3078 abstinentiae
780 3031 824 3078 erit
836 3033 905 3080 antis.
937 3030 992 3080 The
1009 3048 1045 3082 ar·

114 3099 257 3150 rangement
268 3089 296 3137 of
303 3089 344 3137 the
357 3089 435 3137 words
447 3089 468 3136 is
479 3089 614 3136 somewhat
626 3088 737 3136 unusual.

144 3175 203 3222 'To
214 3192 311 3235 quorum
327 3175 414 3236 supply
425 3178 504 3222 eitum.
524 3173 621 3227 Versus,
635 3174 707 3233 being
724 3174 820 3222 derived
839 3175 898 3224 from
910 3187 982 3227 verto.
1000 3176 1047 3226 and

116 3234 235 3282 therefore
252 3235 340 3293 simply
357 3235 398 3281 the
418 3233 537 3291 ‘turning’
556 3232 584 3279 01
597 3232 638 3279 the
655 3233 718 3281 hund
734 3249 760 3280 or
776 3249 824 3292 pen
839 3245 863 3283 at
880 3236 920 3287 the
936 3235 983 3284 end
994 3235 1048 3283 afa

115 3294 172 3349 line,
187 3293 207 3343 is
220 3292 279 3341 used
290 3294 326 3341 for
337 3309 351 3341 a
361 3292 409 3340 line
421 3292 445 3340 in
456 3306 526 3351 prose
538 3306 565 3339 as
576 3290 632 3339 well
643 3307 670 3340 as
682 3292 795 3342 inverse.

145 3383 162 3409 ²⁰
172 3378 212 3428 Ito
222 3379 243 3429 is
254 3379 366 3435 omitted,
379 3395 406 3428 as
417 3377 563 3439 frequently.
