2324 3750
113 168 173 231 154
430 181 578 227 ooaumt
598 181 729 225 uneonts

114 296 241 356 valentes,
262 310 322 347 cuni
344 293 435 361 quibus
458 293 484 347 ei
506 293 539 346 de
562 293 671 359 summis
691 293 767 345 rebus
787 299 845 345 erat
863 290 1047 347 dimicandum.

115 364 167 417 Sed
190 381 239 415 non
259 363 326 430 passi
345 373 407 415 sunt
426 363 442 413 ii
461 363 505 429 qui
523 363 592 414 circa
610 370 692 423 erent,
704 362 770 428 quod
789 361 918 419 videbant,
931 360 1049 414 Eumene

114 441 227 498 recepto,
239 449 330 484 omnes
347 447 408 499 prae
425 430 472 483 illo
489 431 561 498 parvi
580 432 684 483 futuros
711 429 779 496 lpse
799 438 888 482 autem
902 430 1050 498 Antigonus

114 502 179 553 eden
202 509 260 552 eret
283 501 428 561 incensus,¹
452 507 481 552 ut
505 500 556 551 uisi
578 516 673 567 magna
696 515 742 566 spe
766 497 939 551 maximarum
962 514 1049 551 return

114 568 192 621 leniri
209 585 260 621 uon
278 576 370 636 posset.

151 665 192 717 11.
219 663 309 732 ltaque
332 680 392 716 cum
416 681 476 716 eum
500 664 527 715 in
551 662 693 716 custodium
714 661 834 722 dedisset,
855 669 883 714 et
903 661 1050 730 praefectus

116 733 249 785 custodum
272 735 422 800 quaesisset,
443 732 657 801 quemadmodum
676 731 773 783 servari
796 729 884 792 vellet,
907 729 962 783 ‘Ut
979 746 1050 782 ecer-

115 801 226 862 rimum,’
246 802 335 869 inquit,
356 802 471 854 ‘leonem
489 811 536 853 aut
554 800 739 853 ferocissimum
758 797 943 866 elephantum’
979 798 1050 850 Non·

116 870 176 921 dum
191 870 259 922 enim
272 880 405 931 statueret,
415 870 597 922 conservaret²
608 886 677 928 eum,
690 884 782 923 necne.
818 866 950 919 Veniebat
960 875 1049 919 eutem

116 941 147 991 ed
166 937 311 992 Eumenem
330 950 467 1006 utrumque
485 956 569 1006 genus
587 938 727 995 hominum,
740 945 767 987 et
786 935 830 1004 qui
849 944 952 1002 propter
963 935 1049 987 odium

115 1007 227 1065 fructum
251 1009 333 1060 oculis
353 1024 386 1061 ex
407 1010 464 1075 ejus
483 1023 545 1058 casu
568 1006 680 1072 capere³
700 1004 805 1064 vellent,
827 1012 855 1055 et
877 1005 921 1071 qui
946 1010 1048 1070 propter

115 1084 231 1128 veterem
244 1076 384 1128 amicitiem
398 1075 508 1141 colloqui
520 1073 696 1140 consolarique
709 1081 848 1139 cuperent;
867 1072 943 1123 multi
962 1073 1049 1133 etiem,

134 1145 158 1195 ui
177 1144 234 1211 ejus
252 1144 356 1195 formam
375 1159 531 1220 cognoscere
549 1142 694 1201 studebant,
711 1141 794 1209 qualis
812 1148 888 1200 esset,
900 1157 978 1207 quem
997 1140 1049 1192 om

114 1161 158 1264 ho
180 1220 284 1278 tamque
305 1212 380 1264 valde
402 1211 556 1271 timuissent,
575 1211 649 1278 cujus
671 1211 697 1262 in
719 1209 833 1277 pernicie
851 1209 959 1276 positam
979 1225 1049 1276 spem

115 1279 264 1334 habuissent
286 1280 416 1332 victoriae.
460 1280 497 1330 At
520 1278 659 1340 Eumenes,
682 1295 742 1330 curn
768 1277 882 1329 diutius⁴
905 1277 932 1328 in
956 1276 1049 1332 vinclis

115 1357 191 1408 essct,
215 1348 252 1399 eit
272 1349 443 1408 Onomarcho,
464 1364 544 1414 penes
565 1364 642 1413 quem
664 1364 764 1398 summa
786 1345 887 1413 imperii
912 1353 970 1398 erat
994 1360 1050 1397 cue·

115 1417 208 1476 todiee,
234 1433 263 1468 ee
290 1417 386 1479 mireri,
415 1432 494 1484 quare
521 1416 575 1484 jam
605 1415 710 1467 tertium
739 1415 806 1466 diem
837 1415 875 1466 sic
902 1422 1049 1468 teneretur:

114 1501 167 1538 non
190 1484 259 1536 enim
289 1485 337 1537 hoc
366 1485 506 1537 convenire
530 1484 655 1551 Antigoni
685 1484 844 1550 prudentiae,
870 1491 899 1535 ut
927 1483 965 1534 sic
989 1484 1050 1534 den·

115 1561 215 1606 teretur
238 1555 314 1613 victo,
338 1555 400 1621 quin
423 1562 470 1605 eut
493 1553 605 1605 interfici
629 1560 675 1603 aut
698 1553 802 1604 missurn
833 1551 890 1602 lieri
920 1550 1050 1620 juberet⁶

115 1621 169 1674 Hic
195 1638 254 1674 cum
280 1621 407 1674 ferocine⁸
433 1621 597 1674 Onomarcho
620 1620 688 1689 loqui
715 1621 852 1681 videretur,
871 1619 977 1680 ‘Quint
1004 1616 1048 1679 tu)

116 1691 206 1758 inquit,
236 1692 340 1744 ‘anime
368 1691 390 1742 ei
422 1691 470 1742 isto
499 1707 566 1751 eres,
595 1705 642 1741 cnr
671 1705 721 1741 non
752 1689 778 1740 in
803 1688 899 1754 proelio
923 1687 1049 1747 cecidisti,

115 1760 200 1826 potins
239 1776 298 1812 uum
322 1760 348 1812 in
373 1766 526 1826 potestatem
552 1757 650 1810 inimici
673 1755 813 1809 veniresl’
859 1757 932 1809 Huic
955 1756 1050 1809 Eume·

115 1843 171 1889 nes,
196 1836 203 1861 ⁶
238 1830 317 1881 tinum
341 1828 445 1896 quidem
469 1826 537 1879 istud
561 1827 706 1878 evenisset!
736 1824 780 1878 sed
811 1842 842 1876 eo
871 1841 922 1876 nou
947 1823 1049 1886 accidit,

115 1896 181 1961 quod
207 1912 337 1963 nunquam
361 1912 421 1949 cum
452 1895 555 1949 fortiore
584 1911 641 1955 sum
672 1910 835 1972 congressus.
888 1892 949 1945 Non
980 1893 1050 1946 enim

115 1978 175 2015 cum
197 1980 323 2031 quoquam
348 1981 421 2016 arma
442 1963 548 2026 contuli,
573 1963 635 2031 quin
658 1963 680 2014 is
702 1962 764 2015 mihi
788 1961 972 2023 succubuerit;
999 1976 1051 2014 nott

115 2031 202 2082 enirn⁷
220 2033 315 2085 virtute
333 2033 445 2085 hostium
463 2033 508 2084 sed
525 2032 668 2085 amicorum
680 2030 786 2099 perfidia
799 2029 921 2082 decidi.’⁸
956 2029 1051 2098 Neque

145 2214 153 2238 ¹
166 2208 311 2268 ‘Enraged’
344 2209 401 2256 The
417 2224 460 2256 use
477 2208 505 2256 of
517 2208 559 2256 the
570 2207 636 2256 word
653 2209 686 2268 by
697 2206 770 2265 itself‚
783 2206 887 2254 without
900 2207 947 2263 ire,
961 2206 986 2254 in
1001 2203 1050 2255 thie

115 2282 197 2321 sense,
210 2267 377 2314 isscmewhet
389 2267 501 2326 poetical.

143 2357 153 2383 ⁹
168 2353 254 2401 Utrum
269 2344 411 2408 isomitted,
425 2368 452 2400 ns
463 2352 609 2412 frequently.

144 2438 275 2505 'Fructum
283 2440 357 2486 oculis
368 2454 455 2505 mpero,
467 2436 508 2484 ‘'to
514 2438 596 2484 obtain
603 2437 669 2493 fruit,
679 2437 848 2498 gratification,
857 2435 961 2496 bytheir
969 2436 1048 2496 eyee,'

115 2512 143 2544 or
156 2497 205 2544 ‘fur
215 2496 278 2544 their
289 2497 366 2554 eyes,'
380 2511 447 2544 since
459 2511 497 2542 we
508 2512 565 2556 may
577 2496 688 2544 consider
698 2500 772 2544 oculis
788 2497 866 2544 either
883 2512 910 2543 as
926 2494 1008 2543 dative
1024 2509 1052 2542 or

115 2555 228 2623 ablativo.
265 2554 350 2604 Oculos
359 2572 463 2617 parom,
477 2561 517 2603 ‘to
528 2555 590 2603 least
602 2557 670 2603 cue‘e
682 2556 759 2615 eyes,'
774 2555 846 2604 iethe
858 2569 925 2603 more
936 2567 1053 2602 common

115 2629 262 2674 expression.

148 2693 157 2715 ⁴
170 2687 289 2747 ‘Longer’
303 2686 360 2734 than
372 2686 403 2734 he
415 2685 517 2746 thought
530 2686 603 2746 right,
619 2684 715 2734 ‘rather
726 2686 798 2746 long!

149 2758 250 2807 '‘That
262 2759 293 2806 he
305 2758 393 2806 should
404 2774 432 2806 so
442 2761 517 2806 ebuso
534 2774 548 2805 a
564 2773 608 2805 con
626 2759 699 2806 uered
716 2757 754 2806 soe
771 2774 798 2806 as
813 2767 854 2804 not
871 2766 897 2804 to
913 2755 985 2804 order
1000 2754 1053 2804 him

116 2818 195 2885 either
208 2829 233 2866 to
249 2820 279 2866 be
295 2828 336 2876 put
354 2828 380 2865 to
395 2817 467 2865 death
483 2827 562 2865 creet
578 2774 723 2876 ethbertyss
755 2817 830 2864 Deati
847 2817 868 2863 is
884 2831 898 2862 a
914 2814 1053 2874 componnd

115 2877 198 2938 which
209 2877 268 2925 does
279 2887 320 2924 not
332 2892 405 2924 occur
415 2876 558 2924 elsewhere.
582 2876 782 2936 Illissmsocere,
797 2875 910 2933 liternlly,
926 2880 969 2920 ‘to
979 2873 1052 2921 melre

80 2937 83 2942 '
116 2946 171 2983 sent
183 2935 358 2994 away-thar
371 2937 400 2989 is,
420 2939 459 2982 ‘to
470 2934 601 2990 abandon,'
622 2935 753 2991 ‘diemiss,'
765 2949 793 2982 or
811 2941 861 2981 ‘set
877 2934 935 2981 l'ree’
944 2961 975 2970 -
984 2933 1005 2980 ie
1021 2947 1053 2980 en

116 2994 255 3051 expression
266 2994 295 3040 of
302 2993 412 3052 frequent
424 3008 577 3040 occurrence.

124 3096 127 3105 .
144 3070 153 3094 ⁸
166 3064 237 3111 ‘'Foo
249 3065 342 3124 boldly,
357 3065 553 3124 independently,
566 3064 659 3125 sreely.’
693 3064 740 3113 See
750 3064 860 3112 tuemur.
871 3069 894 3119 2,
908 3077 931 3122 p.
941 3066 979 3118 26,
993 3078 1017 3110 n.
1027 3066 1049 3112 9.

144 3135 227 3241 “libis
243 3151 287 3183 nee
304 3137 332 3183 ol
346 3154 395 3185 non
411 3139 472 3185 anim
489 3137 514 3185 in
530 3147 579 3185 two
595 3138 750 3186 consecutive
767 3137 862 3185 clauses
878 3137 898 3184 ie
912 3151 969 3196 very
981 3135 1050 3183 airk-

118 3206 168 3242 war
188 3230 194 3241 .
244 3208 247 3212 ’
840 3217 844 3223 ·

144 3267 191 3315 ··Ι
207 3266 268 3314 heve
285 3265 520 3328 fallen-nomeu,
538 3267 599 3316 stom
617 3284 658 3328 my
674 3283 758 3327 power
772 3267 820 3316 and
836 3266 952 3315 lreedom.
985 3265 1051 3313 This

115 3326 227 3375 absolute
246 3340 289 3375 nee
305 3325 333 3373 ol
344 3325 386 3373 the
397 3328 465 3382 verb,
479 3326 583 3374 without
601 3328 643 3375 the
660 3325 813 3377 mentiones
824 3325 894 3386 place
906 3326 1007 3373 whence
1024 3339 1053 3372 cr

108 3384 222 3446 wlu'tlrer,
236 3384 260 3434 r's
272 3400 332 3450 rery
342 3400 403 3436 rare.
