2324 3750
448 195 545 241 xum.
568 196 724 240 adunans.
994 181 1052 242 151

121 307 231 361 consilia
250 315 413 376 caperentur,
430 307 540 360 credens
561 307 659 360 minore
679 324 708 360 se
730 307 826 360 invidia
844 306 905 370 fore,
923 307 947 359 si
966 308 1053 374 speeie

123 376 224 444 imperii
253 375 414 443 nominisque
442 376 606 429 simulatione
629 376 773 429 Alexandri
802 377 898 428 bellum
921 375 1053 428 videretur

121 444 302 498 administrari.
348 444 425 504 Quod
455 443 549 497 effecit
597 443 668 496 Nam
696 461 757 496 cum
786 460 836 496 non
865 445 898 497 ad
927 443 1052 496 Eumenis

120 513 248 581 principia
265 512 310 564 sed
327 513 359 564 ad
377 511 450 580 regia
469 513 659 573 conveniretur,
671 522 749 580 atque
767 512 801 565 ibi
818 513 851 565 de
868 514 946 565 rebus
956 512 1051 564 delibe-

120 589 230 643 raretur,
242 580 426 659 quodammodo
442 580 558 641 latebat,¹
570 598 630 633 cum
647 589 736 634 tamen
744 607 746 610 ·
754 597 799 648 per
811 597 871 634 eum
883 597 963 634 unum
976 596 1051 650 gere·

120 659 211 702 rentur
221 665 315 701 omnia.

163 720 187 771 8.
213 713 266 768 Hic
293 717 320 768 in
346 716 497 769 Paraetacis
521 735 581 770 cum
605 717 738 785 Antigono
762 716 897 779 conllinit,2
917 733 968 768 non
993 715 1051 768 acie

120 785 247 838 instructa
263 784 308 837 sed
333 785 359 836 in
379 785 479 847 itinere,
498 801 608 853 eumque
626 786 694 837 male
713 786 867 853 acceptum³
885 785 912 836 in
934 784 1050 836 Mediam

120 853 264 906 hiematum
288 854 375 922 coegit
397 854 489 905 redire.
537 855 596 922 lpse
620 854 647 905 in
670 854 781 906 finitima
804 853 911 931 regione
936 852 1050 905 Persidis

119 921 262 974 hiematum
281 923 369 988 copias
381 921 476 982 divisit,
489 938 539 974 non
558 931 587 975 ut
598 922 687 983 voluit,
699 923 745 974 sed
764 931 793 974 ut
810 922 922 974 militum
940 921 1050 988 cogebat

118 989 246 1042 voluntas.
293 990 414 1056 Namque
452 990 496 1042 illa
532 991 644 1059 phalanx
674 991 817 1043 Alexandri
853 990 954 1058 Magni,
982 1005 1049 1055 quae

118 1059 210 1110 Asiam
230 1066 380 1126 peragrarat
397 1057 579 1126 deviceratque
596 1058 698 1119 Persas,
718 1059 863 1111 inveterata
880 1074 940 1110 cum
958 1057 1048 1126 gloria,

118 1133 175 1179 tum
196 1127 275 1178 etiam
296 1126 403 1179 licentia
423 1144 474 1179 non
495 1143 585 1194 parere
604 1144 633 1179 se
652 1126 760 1179 ducibus
780 1127 824 1178 sed
846 1127 973 1194 imperare
994 1142 1050 1192 pos·

118 1195 237 1256 tulabat,⁴
257 1204 287 1247 ut
309 1211 378 1247 nunc
396 1197 513 1247 veterani
534 1195 633 1248 fuciunt
656 1196 756 1248 nostri.⁶
791 1195 882 1262 ltaque
905 1194 1048 1263 periculum

117 1270 159 1316 est
176 1280 210 1314 ne
228 1264 331 1325 faciant,
349 1263 414 1331 quod
434 1264 472 1316 illi
490 1265 615 1326 fecerunt,
634 1281 681 1316 sua
701 1264 900 1331 intemperantia
917 1263 1048 1329 nimiaque

116 1328 224 1384 licentia
254 1339 283 1384 ut
310 1333 396 1384 omnia
425 1332 540 1398 perdant,
569 1349 653 1400 neque
683 1332 768 1384 minus
797 1349 841 1384 eos
870 1348 929 1384 cum
958 1331 1049 1398 quibus

115 1400 245 1462 steterint,
263 1417 340 1467 quam
357 1399 481 1452 adversus
497 1419 560 1468 quos
577 1401 695 1453 fecerint.
732 1400 809 1460 Quod
830 1400 853 1451 si
870 1401 928 1466 quis
945 1399 1048 1452 illorum

114 1475 297 1520 ‘veteranorum
321 1469 395 1536 legat
414 1468 491 1529 facta,
514 1470 584 1536 paria
609 1469 699 1520 horum
720 1476 866 1536 cognoscat,
888 1484 972 1535 neque
992 1482 1048 1518 rem

116 1536 198 1589 ullam
220 1536 392 1604 nisiternpus
415 1537 540 1590 interesse
560 1537 668 1606 judicet.
712 1536 764 1589 sed
788 1537 820 1588 ad
845 1536 903 1588 illos
923 1542 1047 1588 revertar.

116 1603 235 1657 Hiberna
263 1613 437 1671 sumpserant-
455 1622 504 1658 non
534 1607 567 1658 ad
597 1622 670 1657 usum
700 1605 770 1668 belli,
799 1603 845 1656 sed
858 1603 907 1655 -ad
936 1605 1048 1670 ipsorum

115 1671 255 1734 luxuriam,
284 1673 412 1741 longeque
442 1673 510 1727 inter
538 1691 567 1727 se
595 1674 775 1726 discesserant.
820 1672 879 1724 Hoc
900 1671 1048 1738 Antigonus

116 1756 177 1792 cnm
198 1741 371 1808 comperisset,
391 1741 616 1810 intelligeretque⁸
637 1759 665 1794 se
686 1758 774 1808 parem
797 1758 848 1793 non
872 1757 929 1792 esse
952 1738 1048 1806 paratis

115 1808 278 1871 adversariis,
297 1810 388 1861 statuit
408 1810 504 1876 aliquid
528 1811 575 1863 sibi
599 1810 699 1863 consilii
724 1810 783 1862 novi
806 1825 863 1862 esse
883 1806 1046 1876 capiendum.

115 1875 194 1928 Duae
211 1884 285 1928 erant
303 1877 369 1939 viae,
381 1880 450 1944 qual
467 1895 501 1930 ex
519 1879 612 1940 Medis,
630 1880 672 1931 ubi
691 1879 736 1930 ille
754 1878 891 1939 hiemabat,
907 1877 939 1928 ad
957 1876 1048 1928 adver-

114 1945 240 1996 sariorum
264 1945 430 1999 hibernacula
455 1955 538 2014 posset
561 1947 698 2015 perveniri.
735 1947 856 2007 Quarum
880 1946 979 1998 brevior
1002 1961 1048 2013 per

114 2011 173 2064 loca
196 2013 306 2073 deserta,
330 2030 396 2081 quae
425 2031 502 2068 nemo
531 2016 658 2068 incolebat
687 2023 789 2083 propter
815 2031 898 2082 aquae
927 2013 1046 2082 inopiam,

114 2087 232 2132 ceterum
255 2082 355 2133 dierum
386 2089 442 2135 erat
465 2083 519 2135 fere
542 2083 649 2146 decem;
680 2083 725 2136 illa
752 2091 850 2144 autem,
879 2100 929 2150 qua
957 2097 1048 2134 omnes

114 2149 302 2212 commeabant,
331 2149 414 2203 altero
448 2151 536 2203 tanto⁸
570 2152 714 2220 longiorem
748 2151 858 2203 habebat
892 2151 1046 2210 anfractum,

144 2316 152 2340 ¹
166 2311 219 2358 ‘He
230 2304 371 2380 (Eumenes)
382 2312 423 2372 lay
431 2312 454 2360 in
466 2329 480 2361 a
491 2329 601 2362 mensure
613 2314 742 2364 concealed
751 2315 768 2373 ;'
781 2315 822 2363 the
830 2314 878 2364 fact
889 2314 918 2363 ol
924 2314 962 2363 his
973 2314 1047 2376 being

113 2370 389 2418 commander·rn·chref
397 2386 447 2419 was
458 2381 499 2419 not
511 2387 538 2420 so
549 2374 659 2421 obvious.

111 2447 113 2451 ’
144 2455 220 2503 lThe
232 2455 288 2503 date
299 2456 320 2503 is
331 2458 375 2506 317
386 2471 441 2505 rac.

144 2544 154 2569 ¹
166 2539 212 2588 ‘Ill
222 2540 353 2596 received,’
366 2542 526 2590 asomewhat
537 2543 629 2604 playful
640 2546 782 2605 expression
792 2545 828 2593 sor
841 2546 985 2595 ‘defeated'

142 2640 228 2708 ‘Thia
241 2643 300 2688 verb
320 2641 340 2688 is
358 2641 462 2689 suitable
481 2655 507 2689 to
527 2645 648 2704 imperare,
668 2645 709 2693 the
729 2645 847 2693 infinitiva
863 2646 943 2696 which
962 2651 1047 2699 stands

113 2709 210 2765 nearest
222 2708 249 2753 rt,
261 2701 303 2746 but
315 2709 356 2746 not
367 2708 392 2746 to
401 2718 485 2761 parere
493 2704 597 2768 ducitae
630 2704 678 2750 For
688 2704 729 2751 the
736 2704 820 2765 latter,
832 2719 870 2752 we
881 2709 947 2754 mu'st
957 2709 1046 2770 supply

113 2767 156 2805 out
167 2760 192 2804 ol
206 2760 338 2818 postulabat
350 2758 392 2805 the
403 2759 502 2818 general
513 2759 568 2807 idea
578 2760 606 2808 of
618 2765 713 2810 volebat.

143 2855 225 2903 ·'rhis
235 2855 346 2924 reserato
356 2856 398 2904 the
409 2857 524 2905 mutiniea
536 2858 567 2921 os·
575 2859 617 2907 the
629 2861 725 2909 Roman
736 2870 848 2911 veterana
859 2847 953 2924 against
964 2863 1046 2916 Julius

114 2913 214 2972 Caesar,
228 2914 387 2971 Octavianus,
401 2915 447 2963 and
459 2915 549 2964 others.
886 2927 888 2930 ⁴

141 3020 151 3044 '
164 3014 275 3062 Observa
287 3015 327 3062 the
339 3015 456 3063 variation
467 3016 496 3064 of
506 3025 590 3065 tense:
608 3017 638 3067 he
655 3019 702 3067 had
718 3019 868 3075 discovered.
881 3023 927 3079 and
943 3024 984 3072 did
999 3041 1043 3074 un·

112 3072 228 3180 plpptspand
247 3088 274 3121 or
290 3074 371 3121 lrnovr.
414 3075 470 3123 The
486 3074 576 3124 former
590 3093 642 3126 was
658 3088 722 3137 past,
739 3079 781 3126 tha
798 3077 870 3128 latter
885 3097 900 3130 a
915 3084 1044 3133 continued

142 3218 200 3265 'Aa
212 3227 237 3265 to
247 3218 296 3267 this
307 3220 479 3276 construction,
493 3235 534 3268 see
546 3221 615 3270 Mitt.
628 3226 650 3279 3,
664 3239 687 3282 p.
702 3228 737 3281 17,
751 3240 774 3273 n.
786 3229 808 3272 2.

136 3320 150 3369 ‚⁸
164 3315 277 3378 ‘Longer
286 3318 318 3376 by
324 3317 425 3385 another
433 3332 460 3366 as
469 3319 542 3367 much
550 3320 642 3368 '-that
654 3323 683 3378 ia,
697 3327 740 3378 ‘aa
750 3323 895 3385 longagain,
918 3340 946 3374 or
957 3327 1042 3376 ‘twic’e

112 3387 139 3421 aa
149 3372 224 3435 long?
252 3373 355 3425 Tantam
366 3375 458 3427 tabere
466 3376 528 3429 used
539 3380 730 3443 substantivam.
