<?xml version="1.0" encoding="UTF-8"?>
<!DOCTYPE html PUBLIC "-//W3C//DTD XHTML 1.0 Transitional//EN"
    "http://www.w3.org/TR/xhtml1/DTD/xhtml1-transitional.dtd">
<html xmlns="http://www.w3.org/1999/xhtml" xml:lang="en" lang="en">
 <head>
  <title>
</title>
<meta http-equiv="Content-Type" content="text/html;charset=utf-8" />
  <meta name='ocr-system' content='tesseract 3.04.00' />
  <meta name='ocr-capabilities' content='ocr_page ocr_carea ocr_par ocr_line ocrx_word'/>
</head>
<body>
  <div class='ocr_page' id='page_1' title='image "./liberdeexcellen00nepogoog_0081.png"; bbox 0 0 2324 3750; ppageno 0'>
   <div class='ocr_carea' id='block_1_1' title="bbox 121 216 736 279">
    <p class='ocr_par' dir='ltr' id='par_1_1' title="bbox 121 216 736 279">
     <span class='ocr_line' id='line_1_1' title="bbox 121 216 736 279; baseline -0.003 0"><span class='ocrx_word' id='word_1_1' title='bbox 121 216 162 279; x_wconf 79' lang='grc'>64</span> <span class='ocrx_word' id='word_1_2' title='bbox 438 234 586 278; x_wconf 78' lang='lat' dir='ltr'>coenam</span> <span class='ocrx_word' id='word_1_3' title='bbox 606 233 736 278; x_wconf 76' lang='lat' dir='ltr'>amorre</span> 
     </span>
    </p>
   </div>
   <div class='ocr_carea' id='block_1_2' title="bbox 97 343 1055 1718">
    <p class='ocr_par' dir='ltr' id='par_1_2' title="bbox 121 343 1055 758">
     <span class='ocr_line' id='line_1_2' title="bbox 122 343 1053 415; baseline 0.002 -17"><span class='ocrx_word' id='word_1_4' title='bbox 122 351 293 408; x_wconf 87' lang='lat' dir='ltr'>converteret,</span> <span class='ocrx_word' id='word_1_5' title='bbox 317 361 402 413; x_wconf 88' lang='lat' dir='ltr'>neque</span> <span class='ocrx_word' id='word_1_6' title='bbox 427 345 453 398; x_wconf 89' lang='lat' dir='ltr'>ei</span> <span class='ocrx_word' id='word_1_7' title='bbox 476 363 523 414; x_wconf 89' lang='lat' dir='ltr'>par</span> <span class='ocrx_word' id='word_1_8' title='bbox 545 346 679 415; x_wconf 87' lang='lat' dir='ltr'>quisquam</span> <span class='ocrx_word' id='word_1_9' title='bbox 704 346 731 398; x_wconf 91' lang='lat' dir='ltr'>in</span> <span class='ocrx_word' id='word_1_10' title='bbox 754 343 861 398; x_wconf 87' lang='lat' dir='ltr'>civitate</span> <span class='ocrx_word' id='word_1_11' title='bbox 885 348 1053 414; x_wconf 86' lang='lat' dir='ltr'>poneretur.¹</span> 
     </span>
     <span class='ocr_line' id='line_1_3' title="bbox 122 413 1054 483; baseline 0.003 -17"><span class='ocrx_word' id='word_1_12' title='bbox 122 413 213 482; x_wconf 89' lang='lat' dir='ltr'>Itaque</span> <span class='ocrx_word' id='word_1_13' title='bbox 230 431 282 467; x_wconf 90' lang='lat' dir='ltr'>non</span> <span class='ocrx_word' id='word_1_14' title='bbox 302 413 385 467; x_wconf 90' lang='lat' dir='ltr'>solum</span> <span class='ocrx_word' id='word_1_15' title='bbox 406 431 479 483; x_wconf 90' lang='lat' dir='ltr'>spem</span> <span class='ocrx_word' id='word_1_16' title='bbox 501 415 527 467; x_wconf 92' lang='lat' dir='ltr'>in</span> <span class='ocrx_word' id='word_1_17' title='bbox 546 432 578 468; x_wconf 90' lang='lat' dir='ltr'>eo</span> <span class='ocrx_word' id='word_1_18' title='bbox 596 415 725 467; x_wconf 85' lang='lat' dir='ltr'>habebant</span> <span class='ocrx_word' id='word_1_19' title='bbox 742 413 891 476; x_wconf 86' lang='lat' dir='ltr'>maximam,</span> <span class='ocrx_word' id='word_1_20' title='bbox 908 415 954 468; x_wconf 86' lang='lat' dir='ltr'>sed</span> <span class='ocrx_word' id='word_1_21' title='bbox 973 415 1054 469; x_wconf 83' lang='lat' dir='ltr'>etiarn</span> 
     </span>
     <span class='ocr_line' id='line_1_4' title="bbox 122 483 1054 552; baseline 0.002 -17"><span class='ocrx_word' id='word_1_22' title='bbox 122 483 249 546; x_wconf 90' lang='lat' dir='ltr'>timorem,</span> <span class='ocrx_word' id='word_1_23' title='bbox 261 486 335 550; x_wconf 82' lang='lat' dir='ltr'>quod.</span> <span class='ocrx_word' id='word_1_24' title='bbox 345 491 373 534; x_wconf 92' lang='lat' dir='ltr'>et</span> <span class='ocrx_word' id='word_1_25' title='bbox 390 484 479 536; x_wconf 85' lang='lat' dir='ltr'>obesse</span> <span class='ocrx_word' id='word_1_26' title='bbox 491 483 630 552; x_wconf 92' lang='lat' dir='ltr'>plurimum</span> <span class='ocrx_word' id='word_1_27' title='bbox 642 492 668 536; x_wconf 91' lang='lat' dir='ltr'>et</span> <span class='ocrx_word' id='word_1_28' title='bbox 683 483 802 551; x_wconf 83' lang='lat' dir='ltr'><strong>prodesse</strong></span> <span class='ocrx_word' id='word_1_29' title='bbox 814 491 921 550; x_wconf 85' lang='lat' dir='ltr'>poterat</span> <span class='ocrx_word' id='word_1_30' title='bbox 958 485 1054 552; x_wconf 89' lang='lat' dir='ltr'>Asper·</span> 
     </span>
     <span class='ocr_line' id='line_1_5' title="bbox 141 551 1055 620; baseline 0.003 -16"><span class='ocrx_word' id='word_1_31' title='bbox 141 553 231 604; x_wconf 80' lang='lat' dir='ltr'><strong>ebatur</strong></span> <span class='ocrx_word' id='word_1_32' title='bbox 254 551 333 604; x_wconf 90' lang='lat' dir='ltr'>etiam</span> <span class='ocrx_word' id='word_1_33' title='bbox 359 551 473 614; x_wconf 85' lang='lat' dir='ltr'>infamia,</span> <span class='ocrx_word' id='word_1_34' title='bbox 497 553 563 620; x_wconf 91' lang='lat' dir='ltr'>quod</span> <span class='ocrx_word' id='word_1_35' title='bbox 587 552 614 604; x_wconf 88' lang='lat' dir='ltr'>in</span> <span class='ocrx_word' id='word_1_36' title='bbox 635 551 710 604; x_wconf 87' lang='lat' dir='ltr'>domo</span> <span class='ocrx_word' id='word_1_37' title='bbox 732 569 780 605; x_wconf 89' lang='lat' dir='ltr'>sua</span> <span class='ocrx_word' id='word_1_38' title='bbox 803 551 891 604; x_wconf 89' lang='lat' dir='ltr'>facere</span> <span class='ocrx_word' id='word_1_39' title='bbox 911 553 1055 620; x_wconf 75' lang='lat' dir='ltr'>mysteria²</span> 
     </span>
     <span class='ocr_line' id='line_1_6' title="bbox 121 569 1053 688; baseline 0.003 -16"><span class='ocrx_word' id='word_1_40' title='bbox 121 569 270 683; x_wconf 63' lang='lat' dir='ltr'>dicebatum</span> <span class='ocrx_word' id='word_1_41' title='bbox 290 621 357 688; x_wconf 91' lang='lat' dir='ltr'>quod</span> <span class='ocrx_word' id='word_1_42' title='bbox 376 620 449 674; x_wconf 87' lang='lat' dir='ltr'>nefas</span> <span class='ocrx_word' id='word_1_43' title='bbox 466 631 522 673; x_wconf 89' lang='lat' dir='ltr'>erat</span> <span class='ocrx_word' id='word_1_44' title='bbox 540 638 610 673; x_wconf 89' lang='lat' dir='ltr'>more</span> <span class='ocrx_word' id='word_1_45' title='bbox 628 621 837 682; x_wconf 84' lang='lat' dir='ltr'>Atheniensium,</span> <span class='ocrx_word' id='word_1_46' title='bbox 856 620 932 688; x_wconf 89' lang='lat' dir='ltr'>idque</span> <span class='ocrx_word' id='word_1_47' title='bbox 950 638 1002 675; x_wconf 91' lang='lat' dir='ltr'>non</span> <span class='ocrx_word' id='word_1_48' title='bbox 1019 622 1053 675; x_wconf 88' lang='lat' dir='ltr'>ad</span> 
     </span>
     <span class='ocr_line' id='line_1_7' title="bbox 121 688 952 758; baseline -0.001 -17"><span class='ocrx_word' id='word_1_49' title='bbox 121 689 274 758; x_wconf 83' lang='lat' dir='ltr'>religionem</span> <span class='ocrx_word' id='word_1_50' title='bbox 287 690 331 741; x_wconf 92' lang='lat' dir='ltr'>sed</span> <span class='ocrx_word' id='word_1_51' title='bbox 344 689 376 741; x_wconf 90' lang='lat' dir='ltr'>ad</span> <span class='ocrx_word' id='word_1_52' title='bbox 389 690 594 757; x_wconf 89' lang='lat' dir='ltr'>conjurationem</span> <span class='ocrx_word' id='word_1_53' title='bbox 606 691 736 758; x_wconf 87' lang='lat' dir='ltr'>pertinere</span> <span class='ocrx_word' id='word_1_54' title='bbox 748 688 952 741; x_wconf 73' lang='lat' dir='ltr'><strong>existimabatur.</strong></span> 
     </span>
    </p>

    <p class='ocr_par' dir='ltr' id='par_1_3' title="bbox 97 757 1054 1718">
     <span class='ocr_line' id='line_1_8' title="bbox 156 757 1054 825; baseline 0.002 -15"><span class='ocrx_word' id='word_1_55' title='bbox 156 759 182 810; x_wconf 88' lang='grc'>4.</span> <span class='ocrx_word' id='word_1_56' title='bbox 213 757 272 810; x_wconf 89' lang='lat' dir='ltr'>Huc</span> <span class='ocrx_word' id='word_1_57' title='bbox 296 759 405 810; x_wconf 90' lang='lat' dir='ltr'>crimine</span> <span class='ocrx_word' id='word_1_58' title='bbox 432 759 458 810; x_wconf 92' lang='lat' dir='ltr'>in</span> <span class='ocrx_word' id='word_1_59' title='bbox 482 759 606 811; x_wconf 86' lang='lat' dir='ltr'>concione</span> <span class='ocrx_word' id='word_1_60' title='bbox 629 759 662 810; x_wconf 90' lang='lat' dir='ltr'>ab</span> <span class='ocrx_word' id='word_1_61' title='bbox 686 757 798 810; x_wconf 89' lang='lat' dir='ltr'>inimicis</span> <span class='ocrx_word' id='word_1_62' title='bbox 823 757 1054 825; x_wconf 77' lang='lat' dir='ltr'>compellebatur.³</span> 
     </span>
     <span class='ocr_line' id='line_1_9' title="bbox 97 825 1052 896; baseline 0.003 -19"><span class='ocrx_word' id='word_1_63' title='bbox 97 851 101 859; x_wconf 95' lang='lat'>·</span> <span class='ocrx_word' id='word_1_64' title='bbox 122 825 173 878; x_wconf 83' lang='lat' dir='ltr'>Sed</span> <span class='ocrx_word' id='word_1_65' title='bbox 192 827 304 879; x_wconf 89' lang='lat' dir='ltr'>instabat</span> <span class='ocrx_word' id='word_1_66' title='bbox 322 835 424 896; x_wconf 91' lang='lat' dir='ltr'>tempus</span> <span class='ocrx_word' id='word_1_67' title='bbox 441 827 473 879; x_wconf 91' lang='lat' dir='ltr'>ad</span> <span class='ocrx_word' id='word_1_68' title='bbox 491 827 588 880; x_wconf 90' lang='lat' dir='ltr'>bellum</span> <span class='ocrx_word' id='word_1_69' title='bbox 607 826 792 896; x_wconf 86' lang='lat' dir='ltr'>proficiscendi.</span> <span class='ocrx_word' id='word_1_70' title='bbox 827 825 856 878; x_wconf 95' lang='lat' dir='ltr'>Id</span> <span class='ocrx_word' id='word_1_71' title='bbox 875 826 920 878; x_wconf 89' lang='lat' dir='ltr'>ille</span> <span class='ocrx_word' id='word_1_72' title='bbox 939 827 1052 891; x_wconf 88' lang='lat' dir='ltr'>intuens,</span> 
     </span>
     <span class='ocr_line' id='line_1_10' title="bbox 121 895 1052 963; baseline 0.003 -17"><span class='ocrx_word' id='word_1_73' title='bbox 121 911 205 962; x_wconf 88' lang='lat' dir='ltr'>neque</span> <span class='ocrx_word' id='word_1_74' title='bbox 229 895 351 963; x_wconf 88' lang='lat' dir='ltr'>ignorans</span> <span class='ocrx_word' id='word_1_75' title='bbox 374 896 470 949; x_wconf 91' lang='lat' dir='ltr'>civium</span> <span class='ocrx_word' id='word_1_76' title='bbox 500 913 603 949; x_wconf 91' lang='lat' dir='ltr'>suorum</span> <span class='ocrx_word' id='word_1_77' title='bbox 628 895 868 956; x_wconf 87' lang='lat' dir='ltr'>consuetudinem,⁴</span> <span class='ocrx_word' id='word_1_78' title='bbox 899 896 1052 962; x_wconf 88' lang='lat' dir='ltr'>postulabat,</span> 
     </span>
     <span class='ocr_line' id='line_1_11' title="bbox 120 963 1053 1034; baseline 0.002 -19"><span class='ocrx_word' id='word_1_79' title='bbox 120 964 141 1015; x_wconf 90' lang='lat' dir='ltr'>si</span> <span class='ocrx_word' id='word_1_80' title='bbox 163 963 222 1030; x_wconf 91' lang='lat' dir='ltr'>quid</span> <span class='ocrx_word' id='word_1_81' title='bbox 245 963 277 1015; x_wconf 91' lang='lat' dir='ltr'>de</span> <span class='ocrx_word' id='word_1_82' title='bbox 296 980 325 1016; x_wconf 87' lang='lat' dir='ltr'>se</span> <span class='ocrx_word' id='word_1_83' title='bbox 344 965 389 1034; x_wconf 86' lang='lat' dir='ltr'>agi</span> <span class='ocrx_word' id='word_1_84' title='bbox 408 965 514 1025; x_wconf 88' lang='lat' dir='ltr'>vellent,</span> <span class='ocrx_word' id='word_1_85' title='bbox 535 966 618 1033; x_wconf 90' lang='lat' dir='ltr'>potius</span> <span class='ocrx_word' id='word_1_86' title='bbox 637 965 670 1016; x_wconf 90' lang='lat' dir='ltr'>de</span> <span class='ocrx_word' id='word_1_87' title='bbox 690 972 826 1031; x_wconf 78' lang='lat' dir='ltr'>praesente</span> <span class='ocrx_word' id='word_1_88' title='bbox 843 964 961 1032; x_wconf 79' lang='lat' dir='ltr'>quaestio</span> <span class='ocrx_word' id='word_1_89' title='bbox 977 964 1053 1017; x_wconf 88' lang='lat' dir='ltr'>habe·</span> 
     </span>
     <span class='ocr_line' id='line_1_12' title="bbox 120 1032 1052 1100; baseline 0.001 -16"><span class='ocrx_word' id='word_1_90' title='bbox 120 1041 201 1094; x_wconf 87' lang='lat' dir='ltr'>retur,</span> <span class='ocrx_word' id='word_1_91' title='bbox 224 1049 301 1100; x_wconf 90' lang='lat' dir='ltr'>quam</span> <span class='ocrx_word' id='word_1_92' title='bbox 326 1034 419 1086; x_wconf 88' lang='lat' dir='ltr'>absens</span> <span class='ocrx_word' id='word_1_93' title='bbox 443 1033 555 1086; x_wconf 91' lang='lat' dir='ltr'>invidiae</span> <span class='ocrx_word' id='word_1_94' title='bbox 579 1034 705 1086; x_wconf 86' lang='lat' dir='ltr'>crimine⁵</span> <span class='ocrx_word' id='word_1_95' title='bbox 727 1044 901 1085; x_wconf 75' lang='lat' dir='ltr'>accusaretur.</span> <span class='ocrx_word' id='word_1_96' title='bbox 949 1032 1052 1085; x_wconf 84' lang='lat' dir='ltr'>Inimici</span> 
     </span>
     <span class='ocr_line' id='line_1_13' title="bbox 120 1101 1052 1169; baseline 0.001 -17"><span class='ocrx_word' id='word_1_97' title='bbox 120 1117 181 1152; x_wconf 89' lang='lat' dir='ltr'>vero</span> <span class='ocrx_word' id='word_1_98' title='bbox 202 1101 259 1169; x_wconf 87' lang='lat' dir='ltr'>ejus</span> <span class='ocrx_word' id='word_1_99' title='bbox 279 1102 464 1167; x_wconf 86' lang='lat' dir='ltr'>quiescendum</span> <span class='ocrx_word' id='word_1_100' title='bbox 485 1102 511 1154; x_wconf 91' lang='lat' dir='ltr'>in</span> <span class='ocrx_word' id='word_1_101' title='bbox 533 1103 671 1169; x_wconf 84' lang='lat' dir='ltr'>praesenti,</span> <span class='ocrx_word' id='word_1_102' title='bbox 691 1101 750 1169; x_wconf 89' lang='lat' dir='ltr'>quia</span> <span class='ocrx_word' id='word_1_103' title='bbox 776 1101 879 1154; x_wconf 77' lang='lat' dir='ltr'>nuceri⁶</span> <span class='ocrx_word' id='word_1_104' title='bbox 903 1118 953 1153; x_wconf 87' lang='lat' dir='ltr'>non</span> <span class='ocrx_word' id='word_1_105' title='bbox 979 1118 1052 1169; x_wconf 91' lang='lat' dir='ltr'>posse</span> 
     </span>
     <span class='ocr_line' id='line_1_14' title="bbox 120 1168 1052 1239; baseline 0.002 -19"><span class='ocrx_word' id='word_1_106' title='bbox 120 1168 310 1238; x_wconf 77' lang='lat' dir='ltr'>intelligebant,</span> <span class='ocrx_word' id='word_1_107' title='bbox 331 1179 359 1223; x_wconf 90' lang='lat' dir='ltr'>et</span> <span class='ocrx_word' id='word_1_108' title='bbox 380 1171 441 1223; x_wconf 89' lang='lat' dir='ltr'>illud</span> <span class='ocrx_word' id='word_1_109' title='bbox 465 1179 567 1239; x_wconf 90' lang='lat' dir='ltr'>tempus</span> <span class='ocrx_word' id='word_1_110' title='bbox 587 1171 777 1238; x_wconf 80' lang='lat' dir='ltr'>expectandum</span> <span class='ocrx_word' id='word_1_111' title='bbox 799 1170 980 1231; x_wconf 79' lang='lat' dir='ltr'>decreverunt,</span> <span class='ocrx_word' id='word_1_112' title='bbox 1002 1187 1052 1238; x_wconf 91' lang='lat' dir='ltr'>quo</span> 
     </span>
     <span class='ocr_line' id='line_1_15' title="bbox 119 1238 1051 1307; baseline 0.002 -18"><span class='ocrx_word' id='word_1_113' title='bbox 119 1239 223 1298; x_wconf 83' lang='lat' dir='ltr'>exisset,</span> <span class='ocrx_word' id='word_1_114' title='bbox 245 1245 274 1289; x_wconf 88' lang='lat' dir='ltr'>ut</span> <span class='ocrx_word' id='word_1_115' title='bbox 294 1238 426 1292; x_wconf 80' lang='lat' dir='ltr'>absentem</span> <span class='ocrx_word' id='word_1_116' title='bbox 448 1241 668 1307; x_wconf 87' lang='lat' dir='ltr'>aggrederentur;</span> <span class='ocrx_word' id='word_1_117' title='bbox 694 1239 798 1307; x_wconf 77' lang='lat' dir='ltr'>itaque⁷</span> <span class='ocrx_word' id='word_1_118' title='bbox 819 1239 943 1291; x_wconf 85' lang='lat' dir='ltr'>fecerunt.</span> <span class='ocrx_word' id='word_1_119' title='bbox 980 1239 1051 1291; x_wconf 88' lang='lat' dir='ltr'>Nam</span> 
     </span>
     <span class='ocr_line' id='line_1_16' title="bbox 118 1304 1051 1376; baseline 0.004 -19"><span class='ocrx_word' id='word_1_120' title='bbox 118 1314 252 1373; x_wconf 86' lang='lat' dir='ltr'>postquam</span> <span class='ocrx_word' id='word_1_121' title='bbox 276 1306 302 1358; x_wconf 93' lang='lat' dir='ltr'>in</span> <span class='ocrx_word' id='word_1_122' title='bbox 326 1307 444 1360; x_wconf 86' lang='lat' dir='ltr'>Siciliam</span> <span class='ocrx_word' id='word_1_123' title='bbox 466 1325 526 1360; x_wconf 90' lang='lat' dir='ltr'>eum</span> <span class='ocrx_word' id='word_1_124' title='bbox 546 1304 694 1376; x_wconf 88' lang='lat' dir='ltr'>pervenisse</span> <span class='ocrx_word' id='word_1_125' title='bbox 716 1308 889 1367; x_wconf 81' lang='lat' dir='ltr'>crediderunt,</span> <span class='ocrx_word' id='word_1_126' title='bbox 908 1308 1051 1368; x_wconf 84' lang='lat' dir='ltr'>absentem,</span> 
     </span>
     <span class='ocr_line' id='line_1_17' title="bbox 117 1375 1051 1441; baseline 0.003 -16"><span class='ocrx_word' id='word_1_127' title='bbox 117 1375 182 1441; x_wconf 88' lang='lat' dir='ltr'>quod</span> <span class='ocrx_word' id='word_1_128' title='bbox 207 1391 280 1428; x_wconf 85' lang='lat' dir='ltr'>sacra</span> <span class='ocrx_word' id='word_1_129' title='bbox 304 1376 432 1438; x_wconf 78' lang='lat' dir='ltr'>violasset,</span> <span class='ocrx_word' id='word_1_130' title='bbox 457 1393 530 1429; x_wconf 89' lang='lat' dir='ltr'>reum</span> <span class='ocrx_word' id='word_1_131' title='bbox 554 1377 699 1429; x_wconf 80' lang='lat' dir='ltr'>fecerunt.⁸</span> <span class='ocrx_word' id='word_1_132' title='bbox 741 1377 803 1436; x_wconf 83' lang='lat' dir='ltr'>Qua</span> <span class='ocrx_word' id='word_1_133' title='bbox 826 1376 859 1428; x_wconf 91' lang='lat' dir='ltr'>de</span> <span class='ocrx_word' id='word_1_134' title='bbox 880 1392 909 1428; x_wconf 89' lang='lat' dir='ltr'>re</span> <span class='ocrx_word' id='word_1_135' title='bbox 929 1375 1005 1428; x_wconf 77' lang='lat' dir='ltr'>cum⁹</span> <span class='ocrx_word' id='word_1_136' title='bbox 1026 1376 1051 1428; x_wconf 88' lang='lat' dir='ltr'>ei</span> 
     </span>
     <span class='ocr_line' id='line_1_18' title="bbox 118 1442 1051 1512; baseline 0.002 -18"><span class='ocrx_word' id='word_1_137' title='bbox 118 1442 229 1495; x_wconf 87' lang='lat' dir='ltr'>nuncius</span> <span class='ocrx_word' id='word_1_138' title='bbox 248 1461 264 1496; x_wconf 90' lang='lat' dir='ltr'>a</span> <span class='ocrx_word' id='word_1_139' title='bbox 283 1444 435 1512; x_wconf 86' lang='lat' dir='ltr'>magistratu</span> <span class='ocrx_word' id='word_1_140' title='bbox 457 1446 483 1496; x_wconf 93' lang='lat' dir='ltr'>in</span> <span class='ocrx_word' id='word_1_141' title='bbox 505 1445 623 1497; x_wconf 82' lang='lat' dir='ltr'>Siciliam</span> <span class='ocrx_word' id='word_1_142' title='bbox 643 1447 737 1497; x_wconf 88' lang='lat' dir='ltr'>missus</span> <span class='ocrx_word' id='word_1_143' title='bbox 754 1453 831 1506; x_wconf 89' lang='lat' dir='ltr'>esset,</span> <span class='ocrx_word' id='word_1_144' title='bbox 849 1454 879 1497; x_wconf 91' lang='lat' dir='ltr'>ut</span> <span class='ocrx_word' id='word_1_145' title='bbox 895 1445 999 1496; x_wconf 90' lang='lat' dir='ltr'>domum</span> <span class='ocrx_word' id='word_1_146' title='bbox 1018 1445 1051 1497; x_wconf 91' lang='lat' dir='ltr'>ad</span> 
     </span>
     <span class='ocr_line' id='line_1_19' title="bbox 118 1511 1050 1582; baseline 0.003 -19"><span class='ocrx_word' id='word_1_147' title='bbox 118 1527 223 1563; x_wconf 86' lang='lat' dir='ltr'>causam</span> <span class='ocrx_word' id='word_1_148' title='bbox 243 1511 378 1566; x_wconf 89' lang='lat' dir='ltr'>dicendam</span> <span class='ocrx_word' id='word_1_149' title='bbox 402 1513 505 1577; x_wconf 81' lang='lat' dir='ltr'>rediret,</span> <span class='ocrx_word' id='word_1_150' title='bbox 524 1524 644 1582; x_wconf 86' lang='lat' dir='ltr'>essetque</span> <span class='ocrx_word' id='word_1_151' title='bbox 665 1515 691 1566; x_wconf 92' lang='lat' dir='ltr'>in</span> <span class='ocrx_word' id='word_1_152' title='bbox 713 1530 809 1582; x_wconf 87' lang='lat' dir='ltr'>magna</span> <span class='ocrx_word' id='word_1_153' title='bbox 832 1530 877 1580; x_wconf 89' lang='lat' dir='ltr'>spe</span> <span class='ocrx_word' id='word_1_154' title='bbox 901 1513 1050 1581; x_wconf 87' lang='lat' dir='ltr'>provinciae</span> 
     </span>
     <span class='ocr_line' id='line_1_20' title="bbox 117 1579 1050 1650; baseline 0.003 -19"><span class='ocrx_word' id='word_1_155' title='bbox 117 1579 183 1632; x_wconf 88' lang='lat' dir='ltr'>bene</span> <span class='ocrx_word' id='word_1_156' title='bbox 201 1581 428 1644; x_wconf 86' lang='lat' dir='ltr'>administrandae,</span> <span class='ocrx_word' id='word_1_157' title='bbox 448 1600 499 1635; x_wconf 93' lang='lat' dir='ltr'>non</span> <span class='ocrx_word' id='word_1_158' title='bbox 518 1600 609 1650; x_wconf 87' lang='lat' dir='ltr'>parere</span> <span class='ocrx_word' id='word_1_159' title='bbox 625 1583 717 1643; x_wconf 90' lang='lat' dir='ltr'>noluit,</span> <span class='ocrx_word' id='word_1_160' title='bbox 735 1591 763 1634; x_wconf 87' lang='lat' dir='ltr'>et</span> <span class='ocrx_word' id='word_1_161' title='bbox 780 1582 806 1634; x_wconf 93' lang='lat' dir='ltr'>in</span> <span class='ocrx_word' id='word_1_162' title='bbox 826 1582 964 1642; x_wconf 87' lang='lat' dir='ltr'>trierem,¹⁰</span> <span class='ocrx_word' id='word_1_163' title='bbox 983 1599 1050 1649; x_wconf 87' lang='lat' dir='ltr'>quae</span> 
     </span>
     <span class='ocr_line' id='line_1_21' title="bbox 116 1647 1049 1718; baseline 0.003 -18"><span class='ocrx_word' id='word_1_164' title='bbox 116 1647 149 1700; x_wconf 86' lang='lat' dir='ltr'>ad</span> <span class='ocrx_word' id='word_1_165' title='bbox 169 1665 230 1702; x_wconf 90' lang='lat' dir='ltr'>eum</span> <span class='ocrx_word' id='word_1_166' title='bbox 249 1658 305 1702; x_wconf 88' lang='lat' dir='ltr'>erat</span> <span class='ocrx_word' id='word_1_167' title='bbox 323 1650 507 1718; x_wconf 88' lang='lat' dir='ltr'>deportandum</span> <span class='ocrx_word' id='word_1_168' title='bbox 527 1651 613 1714; x_wconf 84' lang='lat' dir='ltr'>missa,</span> <span class='ocrx_word' id='word_1_169' title='bbox 627 1651 752 1704; x_wconf 85' lang='lat' dir='ltr'>ascendit</span> <span class='ocrx_word' id='word_1_170' title='bbox 789 1653 849 1705; x_wconf 89' lang='lat' dir='ltr'>Hac</span> <span class='ocrx_word' id='word_1_171' title='bbox 861 1651 1001 1703; x_wconf 89' lang='lat' dir='ltr'>Thurios¹¹</span> <span class='ocrx_word' id='word_1_172' title='bbox 1021 1651 1049 1703; x_wconf 90' lang='lat' dir='ltr'>in</span> 
     </span>
    </p>
   </div>
   <div class='ocr_carea' id='block_1_3' title="bbox 118 1739 1033 1888">
    <p class='ocr_par' dir='ltr' id='par_1_4' title="bbox 118 1739 1033 1888">
     <span class='ocr_line' id='line_1_22' title="bbox 118 1739 1033 1797; baseline 0 -19"><span class='ocrx_word' id='word_1_173' title='bbox 118 1739 1033 1797; x_wconf 42' lang='lat' dir='ltr'>——ffl-yss</span> 
     </span>
     <span class='ocr_line' id='line_1_23' title="bbox 146 1826 904 1888; baseline -0.001 -14"><span class='ocrx_word' id='word_1_174' title='bbox 146 1832 153 1855; x_wconf 86' lang='lat'><em>¹</em></span> <span class='ocrx_word' id='word_1_175' title='bbox 168 1826 245 1874; x_wconf 90' lang='lat' dir='ltr'>‘Was</span> <span class='ocrx_word' id='word_1_176' title='bbox 256 1826 395 1875; x_wconf 68' lang='lat' dir='ltr'>rechoned!</span> <span class='ocrx_word' id='word_1_177' title='bbox 429 1827 549 1886; x_wconf 87' lang='lat' dir='ltr'>Compare</span> <span class='ocrx_word' id='word_1_178' title='bbox 561 1826 694 1888; x_wconf 81' lang='lat' dir='ltr'>Praefatio,</span> <span class='ocrx_word' id='word_1_179' title='bbox 712 1841 735 1885; x_wconf 90' lang='lat' dir='ltr'>p.</span> <span class='ocrx_word' id='word_1_180' title='bbox 749 1830 785 1882; x_wconf 83' lang='lat'>12,</span> <span class='ocrx_word' id='word_1_181' title='bbox 799 1831 870 1874; x_wconf 88' lang='lat' dir='ltr'>n.10.</span> <span class='ocrx_word' id='word_1_182' title='bbox 901 1833 904 1836; x_wconf 84' lang='grc'><strong>’</strong></span> 
     </span>
    </p>
   </div>
   <div class='ocr_carea' id='block_1_4' title="bbox 115 1897 1049 2208">
    <p class='ocr_par' dir='ltr' id='par_1_5' title="bbox 115 1897 1049 2208">
     <span class='ocr_line' id='line_1_24' title="bbox 145 1897 1049 1975; baseline -0.002 -13"><span class='ocrx_word' id='word_1_183' title='bbox 145 1918 156 1944; x_wconf 77' lang='lat'>²</span> <span class='ocrx_word' id='word_1_184' title='bbox 167 1914 287 1975; x_wconf 79' lang='lat' dir='ltr'>Myrterio</span> <span class='ocrx_word' id='word_1_185' title='bbox 299 1929 362 1961; x_wconf 87' lang='lat' dir='ltr'>were</span> <span class='ocrx_word' id='word_1_186' title='bbox 374 1913 465 1961; x_wconf 88' lang='lat' dir='ltr'>certain</span> <span class='ocrx_word' id='word_1_187' title='bbox 474 1912 589 1972; x_wconf 86' lang='lat' dir='ltr'>religious</span> <span class='ocrx_word' id='word_1_188' title='bbox 597 1914 654 1960; x_wconf 87' lang='lat' dir='ltr'>rites</span> <span class='ocrx_word' id='word_1_189' title='bbox 662 1911 690 1960; x_wconf 87' lang='lat' dir='ltr'>ol</span> <span class='ocrx_word' id='word_1_190' title='bbox 697 1912 808 1961; x_wconf 84' lang='lat' dir='ltr'>different</span> <span class='ocrx_word' id='word_1_191' title='bbox 819 1897 899 1968; x_wconf 85' lang='lat' dir='ltr'>kinds,</span> <span class='ocrx_word' id='word_1_192' title='bbox 910 1912 1049 1960; x_wconf 83' lang='lat' dir='ltr'>celebrated</span> 
     </span>
     <span class='ocr_line' id='line_1_25' title="bbox 115 1971 1047 2041; baseline 0.001 -23"><span class='ocrx_word' id='word_1_193' title='bbox 115 1972 176 2039; x_wconf 82' lang='lat' dir='ltr'>vvith</span> <span class='ocrx_word' id='word_1_194' title='bbox 187 1982 255 2031; x_wconf 82' lang='lat' dir='ltr'>great</span> <span class='ocrx_word' id='word_1_195' title='bbox 266 1987 374 2031; x_wconf 88' lang='lat' dir='ltr'>secrecy,</span> <span class='ocrx_word' id='word_1_196' title='bbox 384 1971 431 2020; x_wconf 85' lang='lat' dir='ltr'>arrd</span> <span class='ocrx_word' id='word_1_197' title='bbox 443 1973 466 2019; x_wconf 93' lang='lat' dir='ltr'>in</span> <span class='ocrx_word' id='word_1_198' title='bbox 473 1987 593 2040; x_wconf 80' lang='lat' dir='ltr'>presence</span> <span class='ocrx_word' id='word_1_199' title='bbox 602 1972 633 2040; x_wconf 84' lang='lat' dir='ltr'>¹ol</span> <span class='ocrx_word' id='word_1_200' title='bbox 644 1972 685 2018; x_wconf 91' lang='lat' dir='ltr'>the</span> <span class='ocrx_word' id='word_1_201' title='bbox 696 1971 805 2040; x_wconf 26' lang='lat' dir='ltr'>iunltiated</span> <span class='ocrx_word' id='word_1_202' title='bbox 817 1972 882 2030; x_wconf 91' lang='lat' dir='ltr'>only.</span> <span class='ocrx_word' id='word_1_203' title='bbox 917 1972 972 2019; x_wconf 89' lang='lat' dir='ltr'>The</span> <span class='ocrx_word' id='word_1_204' title='bbox 984 1973 1047 2041; x_wconf 78' lang='lat' dir='ltr'>prin·</span> 
     </span>
     <span class='ocr_line' id='line_1_26' title="bbox 115 2029 1048 2158; baseline 0.003 -23"><span class='ocrx_word' id='word_1_205' title='bbox 115 2031 258 2156; x_wconf 70' lang='lat' dir='ltr'>tltlltt,</span> <span class='ocrx_word' id='word_1_206' title='bbox 271 2029 1048 2158; x_wconf 56' lang='lat' dir='ltr'>&#39;lttdllltttthllttetlttllettittttb‘btttl</span> 
     </span>
     <span class='ocr_line' id='line_1_27' title="bbox 117 2147 780 2208; baseline 0.003 -14"><span class='ocrx_word' id='word_1_207' title='bbox 117 2147 199 2207; x_wconf 84' lang='lat' dir='ltr'>illegal</span> <span class='ocrx_word' id='word_1_208' title='bbox 211 2158 236 2194; x_wconf 90' lang='lat' dir='ltr'>to</span> <span class='ocrx_word' id='word_1_209' title='bbox 247 2147 368 2195; x_wconf 89' lang='lat' dir='ltr'>celebrate</span> <span class='ocrx_word' id='word_1_210' title='bbox 381 2148 449 2196; x_wconf 90' lang='lat' dir='ltr'>these</span> <span class='ocrx_word' id='word_1_211' title='bbox 461 2159 519 2196; x_wconf 88' lang='lat' dir='ltr'>ntes</span> <span class='ocrx_word' id='word_1_212' title='bbox 531 2164 555 2196; x_wconf 89' lang='lat' dir='ltr'>m</span> <span class='ocrx_word' id='word_1_213' title='bbox 567 2165 582 2196; x_wconf 87' lang='lat' dir='ltr'>a</span> <span class='ocrx_word' id='word_1_214' title='bbox 592 2159 684 2208; x_wconf 83' lang='lat' dir='ltr'>private</span> <span class='ocrx_word' id='word_1_215' title='bbox 696 2149 780 2196; x_wconf 90' lang='lat' dir='ltr'>house.</span> 
     </span>
    </p>
   </div>
   <div class='ocr_carea' id='block_1_5' title="bbox 117 2220 1048 2340">
    <p class='ocr_par' dir='ltr' id='par_1_6' title="bbox 117 2220 1048 2340">
     <span class='ocr_line' id='line_1_28' title="bbox 144 2220 1048 2282; baseline 0.002 -14"><span class='ocrx_word' id='word_1_216' title='bbox 144 2221 243 2268; x_wconf 80' lang='lat' dir='ltr'>&#39;‘Wes</span> <span class='ocrx_word' id='word_1_217' title='bbox 258 2221 424 2279; x_wconf 72' lang='lat' dir='ltr'>reproached’</span> <span class='ocrx_word' id='word_1_218' title='bbox 445 2221 555 2280; x_wconf 82' lang='lat' dir='ltr'>‘spoken</span> <span class='ocrx_word' id='word_1_219' title='bbox 570 2222 597 2270; x_wconf 94' lang='lat' dir='ltr'>ill</span> <span class='ocrx_word' id='word_1_220' title='bbox 612 2220 656 2277; x_wconf 85' lang='lat' dir='ltr'>ol,&#39;</span> <span class='ocrx_word' id='word_1_221' title='bbox 674 2221 753 2269; x_wconf 88' lang='lat' dir='ltr'>called</span> <span class='ocrx_word' id='word_1_222' title='bbox 769 2222 803 2282; x_wconf 90' lang='lat' dir='ltr'>by</span> <span class='ocrx_word' id='word_1_223' title='bbox 814 2220 874 2269; x_wconf 88' lang='lat' dir='ltr'>hard</span> <span class='ocrx_word' id='word_1_224' title='bbox 885 2220 990 2278; x_wconf 87' lang='lat' dir='ltr'>names,&#39;</span> <span class='ocrx_word' id='word_1_225' title='bbox 1004 2230 1048 2270; x_wconf 89' lang='lat' dir='ltr'>not</span> 
     </span>
     <span class='ocr_line' id='line_1_29' title="bbox 117 2279 456 2340; baseline 0 -13"><span class='ocrx_word' id='word_1_226' title='bbox 117 2284 183 2327; x_wconf 87' lang='lat' dir='ltr'>‘was</span> <span class='ocrx_word' id='word_1_227' title='bbox 194 2279 296 2328; x_wconf 89' lang='lat' dir='ltr'>accused</span> <span class='ocrx_word' id='word_1_228' title='bbox 308 2279 456 2340; x_wconf 83' lang='lat' dir='ltr'>(formally.&#39;)</span> 
     </span>
    </p>
   </div>
   <div class='ocr_carea' id='block_1_6' title="bbox 143 2351 744 2411">
    <p class='ocr_par' dir='ltr' id='par_1_7' title="bbox 143 2351 744 2411">
     <span class='ocr_line' id='line_1_30' title="bbox 143 2351 744 2411; baseline 0 -13"><span class='ocrx_word' id='word_1_229' title='bbox 143 2356 153 2379; x_wconf 84' lang='lat'><strong>⁴</strong></span> <span class='ocrx_word' id='word_1_230' title='bbox 163 2352 201 2398; x_wconf 84' lang='lat' dir='ltr'>As</span> <span class='ocrx_word' id='word_1_231' title='bbox 213 2360 238 2398; x_wconf 92' lang='lat' dir='ltr'>to</span> <span class='ocrx_word' id='word_1_232' title='bbox 249 2351 296 2404; x_wconf 87' lang='lat' dir='ltr'>this</span> <span class='ocrx_word' id='word_1_233' title='bbox 306 2355 457 2407; x_wconf 81' lang='lat' dir='ltr'>consuetudo,</span> <span class='ocrx_word' id='word_1_234' title='bbox 471 2367 584 2411; x_wconf 87' lang='lat' dir='ltr'>compare</span> <span class='ocrx_word' id='word_1_235' title='bbox 599 2351 710 2399; x_wconf 71' lang='lat' dir='ltr'>Themin.</span> <span class='ocrx_word' id='word_1_236' title='bbox 722 2354 744 2398; x_wconf 90' lang='grc'>8.</span> 
     </span>
    </p>
   </div>
   <div class='ocr_carea' id='block_1_7' title="bbox 114 2423 1047 2662">
    <p class='ocr_par' dir='ltr' id='par_1_8' title="bbox 114 2423 1047 2662">
     <span class='ocr_line' id='line_1_31' title="bbox 143 2423 1045 2483; baseline 0.002 -13"><span class='ocrx_word' id='word_1_237' title='bbox 143 2423 249 2470; x_wconf 71' lang='lat' dir='ltr'>⁸Either</span> <span class='ocrx_word' id='word_1_238' title='bbox 262 2429 305 2470; x_wconf 88' lang='lat' dir='ltr'>‘on</span> <span class='ocrx_word' id='word_1_239' title='bbox 317 2439 332 2470; x_wconf 88' lang='lat' dir='ltr'>a</span> <span class='ocrx_word' id='word_1_240' title='bbox 342 2423 429 2483; x_wconf 89' lang='lat' dir='ltr'>charge</span> <span class='ocrx_word' id='word_1_241' title='bbox 442 2424 519 2472; x_wconf 89' lang='lat' dir='ltr'>raised</span> <span class='ocrx_word' id='word_1_242' title='bbox 532 2426 547 2472; x_wconf 96' lang='lat' dir='ltr'>b</span> <span class='ocrx_word' id='word_1_243' title='bbox 573 2423 730 2482; x_wconf 87' lang='lat' dir='ltr'>envy&#39;-that</span> <span class='ocrx_word' id='word_1_244' title='bbox 740 2423 770 2479; x_wconf 89' lang='lat' dir='ltr'>is,</span> <span class='ocrx_word' id='word_1_245' title='bbox 781 2425 814 2482; x_wconf 90' lang='lat' dir='ltr'>by</span> <span class='ocrx_word' id='word_1_246' title='bbox 820 2423 915 2483; x_wconf 85' lang='lat' dir='ltr'>jealour</span> <span class='ocrx_word' id='word_1_247' title='bbox 927 2424 1045 2481; x_wconf 87' lang='lat' dir='ltr'>enemies,</span> 
     </span>
     <span class='ocr_line' id='line_1_32' title="bbox 115 2481 1047 2542; baseline 0.002 -14"><span class='ocrx_word' id='word_1_248' title='bbox 115 2496 141 2528; x_wconf 90' lang='lat' dir='ltr'>or</span> <span class='ocrx_word' id='word_1_249' title='bbox 153 2486 198 2528; x_wconf 82' lang='lat' dir='ltr'>‘on</span> <span class='ocrx_word' id='word_1_250' title='bbox 210 2498 224 2528; x_wconf 90' lang='lat' dir='ltr'>a</span> <span class='ocrx_word' id='word_1_251' title='bbox 235 2482 322 2541; x_wconf 80' lang='lat' dir='ltr'>charge</span> <span class='ocrx_word' id='word_1_252' title='bbox 334 2482 383 2528; x_wconf 83' lang='lat' dir='ltr'>ol‘a</span> <span class='ocrx_word' id='word_1_253' title='bbox 395 2482 486 2530; x_wconf 84' lang='lat' dir='ltr'>hatclul</span> <span class='ocrx_word' id='word_1_254' title='bbox 499 2483 538 2529; x_wconf 83' lang='lat' dir='ltr'>hin</span> <span class='ocrx_word' id='word_1_255' title='bbox 559 2518 565 2537; x_wconf 92' lang='lat'>,</span> <span class='ocrx_word' id='word_1_256' title='bbox 578 2499 605 2530; x_wconf 92' lang='lat' dir='ltr'>or</span> <span class='ocrx_word' id='word_1_257' title='bbox 616 2481 692 2542; x_wconf 85' lang='lat' dir='ltr'>lihely</span> <span class='ocrx_word' id='word_1_258' title='bbox 704 2483 818 2530; x_wconf 77' lang='lat' dir='ltr'>coercita</span> <span class='ocrx_word' id='word_1_259' title='bbox 830 2482 930 2530; x_wconf 89' lang='lat' dir='ltr'>hatred.&#39;</span> <span class='ocrx_word' id='word_1_260' title='bbox 957 2483 986 2530; x_wconf 94' lang='lat' dir='ltr'>ln</span> <span class='ocrx_word' id='word_1_261' title='bbox 997 2483 1047 2531; x_wconf 85' lang='lat' dir='ltr'>this</span> 
     </span>
     <span class='ocr_line' id='line_1_33' title="bbox 114 2540 1045 2607; baseline 0.002 -20"><span class='ocrx_word' id='word_1_262' title='bbox 114 2540 186 2588; x_wconf 88' lang='lat' dir='ltr'>latter</span> <span class='ocrx_word' id='word_1_263' title='bbox 197 2556 261 2595; x_wconf 88' lang='lat' dir='ltr'>case,</span> <span class='ocrx_word' id='word_1_264' title='bbox 273 2540 314 2587; x_wconf 91' lang='lat' dir='ltr'>the</span> <span class='ocrx_word' id='word_1_265' title='bbox 326 2541 431 2607; x_wconf 81' lang='lat' dir='ltr'>genitive</span> <span class='ocrx_word' id='word_1_266' title='bbox 443 2541 464 2588; x_wconf 94' lang='lat' dir='ltr'>is</span> <span class='ocrx_word' id='word_1_267' title='bbox 475 2542 571 2601; x_wconf 85' lang='lat' dir='ltr'>exactly</span> <span class='ocrx_word' id='word_1_268' title='bbox 583 2541 721 2600; x_wconf 88' lang='lat' dir='ltr'>equivalent</span> <span class='ocrx_word' id='word_1_269' title='bbox 734 2553 758 2589; x_wconf 89' lang='lat' dir='ltr'>to</span> <span class='ocrx_word' id='word_1_270' title='bbox 770 2541 811 2588; x_wconf 87' lang='lat' dir='ltr'>the</span> <span class='ocrx_word' id='word_1_271' title='bbox 823 2542 941 2602; x_wconf 87' lang='lat' dir='ltr'>adjective</span> <span class='ocrx_word' id='word_1_272' title='bbox 953 2544 1045 2597; x_wconf 71' lang='lat' dir='ltr'>odioso:</span> 
     </span>
     <span class='ocr_line' id='line_1_34' title="bbox 114 2599 1045 2662; baseline 0.001 -15"><span class='ocrx_word' id='word_1_273' title='bbox 114 2600 138 2647; x_wconf 91' lang='lat' dir='ltr'>in</span> <span class='ocrx_word' id='word_1_274' title='bbox 155 2600 196 2646; x_wconf 83' lang='lat' dir='ltr'>the</span> <span class='ocrx_word' id='word_1_275' title='bbox 213 2600 309 2653; x_wconf 79' lang='lat' dir='ltr'>former,</span> <span class='ocrx_word' id='word_1_276' title='bbox 328 2611 346 2646; x_wconf 87' lang='lat' dir='ltr'>rt</span> <span class='ocrx_word' id='word_1_277' title='bbox 363 2599 383 2647; x_wconf 91' lang='lat' dir='ltr'>is</span> <span class='ocrx_word' id='word_1_278' title='bbox 400 2614 431 2647; x_wconf 89' lang='lat' dir='ltr'>an</span> <span class='ocrx_word' id='word_1_279' title='bbox 446 2600 557 2660; x_wconf 89' lang='lat' dir='ltr'>ordinary</span> <span class='ocrx_word' id='word_1_280' title='bbox 569 2601 703 2660; x_wconf 84' lang='lat' dir='ltr'>subjective</span> <span class='ocrx_word' id='word_1_281' title='bbox 719 2600 833 2661; x_wconf 85' lang='lat' dir='ltr'>genitive.</span> <span class='ocrx_word' id='word_1_282' title='bbox 858 2600 948 2657; x_wconf 66' lang='lat' dir='ltr'>eram.</span> <span class='ocrx_word' id='word_1_283' title='bbox 961 2602 973 2662; x_wconf 68' lang='grc' dir='ltr'>ξ</span> <span class='ocrx_word' id='word_1_284' title='bbox 985 2603 1045 2658; x_wconf 79' lang='grc'><strong>273;</strong></span> 
     </span>
    </p>
   </div>
   <div class='ocr_carea' id='block_1_8' title="bbox 113 2657 351 2706">
    <p class='ocr_par' dir='ltr' id='par_1_9' title="bbox 113 2657 351 2706">
     <span class='ocr_line' id='line_1_35' title="bbox 113 2657 351 2706; baseline 0 -1"><span class='ocrx_word' id='word_1_285' title='bbox 113 2657 189 2706; x_wconf 85' lang='lat' dir='ltr'>Elem.</span> <span class='ocrx_word' id='word_1_286' title='bbox 203 2658 283 2706; x_wconf 74' lang='lat' dir='ltr'>Grata.</span> <span class='ocrx_word' id='word_1_287' title='bbox 299 2661 351 2705; x_wconf 84' lang='lat'><strong>292.</strong></span> 
     </span>
    </p>
   </div>
   <div class='ocr_carea' id='block_1_9' title="bbox 112 2731 1046 2851">
    <p class='ocr_par' dir='ltr' id='par_1_10' title="bbox 112 2731 1046 2851">
     <span class='ocr_line' id='line_1_36' title="bbox 141 2731 1046 2792; baseline 0.002 -13"><span class='ocrx_word' id='word_1_288' title='bbox 141 2731 256 2791; x_wconf 83' lang='lat' dir='ltr'>‘Supply</span> <span class='ocrx_word' id='word_1_289' title='bbox 267 2733 297 2786; x_wconf 86' lang='lat' dir='ltr'>ei,</span> <span class='ocrx_word' id='word_1_290' title='bbox 312 2731 352 2778; x_wconf 88' lang='lat' dir='ltr'>the</span> <span class='ocrx_word' id='word_1_291' title='bbox 364 2733 423 2779; x_wconf 90' lang='lat' dir='ltr'>verb</span> <span class='ocrx_word' id='word_1_292' title='bbox 439 2749 507 2780; x_wconf 83' lang='lat' dir='ltr'>noceo</span> <span class='ocrx_word' id='word_1_293' title='bbox 523 2732 658 2792; x_wconf 85' lang='lat' dir='ltr'>governing</span> <span class='ocrx_word' id='word_1_294' title='bbox 674 2731 716 2780; x_wconf 89' lang='lat' dir='ltr'>the</span> <span class='ocrx_word' id='word_1_295' title='bbox 732 2731 821 2786; x_wconf 88' lang='lat' dir='ltr'>dative,</span> <span class='ocrx_word' id='word_1_296' title='bbox 840 2731 887 2779; x_wconf 90' lang='lat' dir='ltr'>and</span> <span class='ocrx_word' id='word_1_297' title='bbox 904 2732 946 2780; x_wconf 90' lang='lat' dir='ltr'>the</span> <span class='ocrx_word' id='word_1_298' title='bbox 962 2732 1046 2781; x_wconf 90' lang='lat' dir='ltr'>clause</span> 
     </span>
     <span class='ocr_line' id='line_1_37' title="bbox 112 2789 985 2851; baseline 0.001 -13"><span class='ocrx_word' id='word_1_299' title='bbox 112 2790 186 2851; x_wconf 84' lang='lat' dir='ltr'>being</span> <span class='ocrx_word' id='word_1_300' title='bbox 196 2791 372 2850; x_wconf 89' lang='lat' dir='ltr'>consequently</span> <span class='ocrx_word' id='word_1_301' title='bbox 383 2790 448 2838; x_wconf 88' lang='lat' dir='ltr'>olan</span> <span class='ocrx_word' id='word_1_302' title='bbox 459 2791 606 2850; x_wconf 88' lang='lat' dir='ltr'>impersonal</span> <span class='ocrx_word' id='word_1_303' title='bbox 618 2802 710 2839; x_wconf 88' lang='lat' dir='ltr'>nature.</span> <span class='ocrx_word' id='word_1_304' title='bbox 744 2791 821 2839; x_wconf 71' lang='lat' dir='ltr'>Graan·</span> <span class='ocrx_word' id='word_1_305' title='bbox 833 2789 846 2841; x_wconf 72' lang='lat' dir='ltr'>b</span> <span class='ocrx_word' id='word_1_306' title='bbox 860 2793 914 2847; x_wconf 82' lang='grc'>248,</span> <span class='ocrx_word' id='word_1_307' title='bbox 928 2806 951 2838; x_wconf 88' lang='lat' dir='ltr'>n.</span> <span class='ocrx_word' id='word_1_308' title='bbox 965 2795 985 2840; x_wconf 89' lang='grc'>1.</span> 
     </span>
    </p>
   </div>
   <div class='ocr_carea' id='block_1_10' title="bbox 113 2863 1047 2970">
    <p class='ocr_par' dir='ltr' id='par_1_11' title="bbox 113 2863 1047 2970">
     <span class='ocr_line' id='line_1_38' title="bbox 142 2863 1047 2926; baseline 0.003 -14"><span class='ocrx_word' id='word_1_309' title='bbox 142 2868 150 2891; x_wconf 75' lang='grc'>’</span> <span class='ocrx_word' id='word_1_310' title='bbox 162 2864 227 2912; x_wconf 88' lang='lat' dir='ltr'>That</span> <span class='ocrx_word' id='word_1_311' title='bbox 239 2863 268 2919; x_wconf 89' lang='lat' dir='ltr'>is,</span> <span class='ocrx_word' id='word_1_312' title='bbox 282 2873 302 2912; x_wconf 77' lang='lat' dir='ltr'>et</span> <span class='ocrx_word' id='word_1_313' title='bbox 314 2866 357 2920; x_wconf 85' lang='lat' dir='ltr'>ito,</span> <span class='ocrx_word' id='word_1_314' title='bbox 371 2873 413 2912; x_wconf 90' lang='lat' dir='ltr'>not</span> <span class='ocrx_word' id='word_1_315' title='bbox 424 2864 465 2912; x_wconf 89' lang='lat' dir='ltr'>the</span> <span class='ocrx_word' id='word_1_316' title='bbox 477 2864 632 2924; x_wconf 89' lang='lat' dir='ltr'>conjunctive</span> <span class='ocrx_word' id='word_1_317' title='bbox 643 2864 733 2913; x_wconf 88' lang='lat' dir='ltr'>adverb</span> <span class='ocrx_word' id='word_1_318' title='bbox 747 2863 899 2912; x_wconf 74' lang='lat' dir='ltr'>‘therefore’</span> <span class='ocrx_word' id='word_1_319' title='bbox 917 2863 1047 2926; x_wconf 82' lang='lat' dir='ltr'>Itoqaelor</span> 
     </span>
     <span class='ocr_line' id='line_1_39' title="bbox 113 2922 361 2970; baseline 0 0"><span class='ocrx_word' id='word_1_320' title='bbox 113 2931 135 2970; x_wconf 82' lang='lat' dir='ltr'>ct</span> <span class='ocrx_word' id='word_1_321' title='bbox 146 2925 180 2970; x_wconf 85' lang='lat' dir='ltr'>ito</span> <span class='ocrx_word' id='word_1_322' title='bbox 192 2938 276 2970; x_wconf 88' lang='lat' dir='ltr'>occurs</span> <span class='ocrx_word' id='word_1_323' title='bbox 287 2922 361 2970; x_wconf 77' lang='lat' dir='ltr'>elren.</span> 
     </span>
    </p>
   </div>
   <div class='ocr_carea' id='block_1_11' title="bbox 141 2995 507 3054">
    <p class='ocr_par' dir='ltr' id='par_1_12' title="bbox 141 2995 507 3054">
     <span class='ocr_line' id='line_1_40' title="bbox 141 2995 507 3054; baseline -0.003 -11"><span class='ocrx_word' id='word_1_324' title='bbox 141 3000 150 3024; x_wconf 84' lang='lat'><strong>¹</strong></span> <span class='ocrx_word' id='word_1_325' title='bbox 162 2995 308 3054; x_wconf 82' lang='lat' dir='ltr'>Equivalent</span> <span class='ocrx_word' id='word_1_326' title='bbox 320 3004 345 3043; x_wconf 90' lang='lat' dir='ltr'>to</span> <span class='ocrx_word' id='word_1_327' title='bbox 356 3004 507 3044; x_wconf 75' lang='lat' dir='ltr'>accusarant.</span> 
     </span>
    </p>
   </div>
   <div class='ocr_carea' id='block_1_12' title="bbox 110 3067 1045 3423">
    <p class='ocr_par' dir='ltr' id='par_1_13' title="bbox 111 3067 1045 3251">
     <span class='ocr_line' id='line_1_41' title="bbox 141 3067 1045 3124; baseline 0.006 -12"><span class='ocrx_word' id='word_1_328' title='bbox 141 3067 224 3113; x_wconf 77' lang='lat' dir='ltr'>&#39;This</span> <span class='ocrx_word' id='word_1_329' title='bbox 239 3083 291 3114; x_wconf 75' lang='lat' dir='ltr'>carm</span> <span class='ocrx_word' id='word_1_330' title='bbox 306 3083 386 3115; x_wconf 88' lang='lat' dir='ltr'>seems</span> <span class='ocrx_word' id='word_1_331' title='bbox 403 3078 428 3114; x_wconf 89' lang='lat' dir='ltr'>to</span> <span class='ocrx_word' id='word_1_332' title='bbox 445 3068 507 3115; x_wconf 89' lang='lat' dir='ltr'>hove</span> <span class='ocrx_word' id='word_1_333' title='bbox 524 3077 573 3114; x_wconf 85' lang='lat' dir='ltr'>two</span> <span class='ocrx_word' id='word_1_334' title='bbox 589 3082 684 3124; x_wconf 83' lang='lat' dir='ltr'>sensas,</span> <span class='ocrx_word' id='word_1_335' title='bbox 704 3068 799 3116; x_wconf 77' lang='lat' dir='ltr'>‘when’</span> <span class='ocrx_word' id='word_1_336' title='bbox 818 3069 842 3116; x_wconf 90' lang='lat' dir='ltr'>in</span> <span class='ocrx_word' id='word_1_337' title='bbox 858 3069 889 3117; x_wconf 90' lang='lat' dir='ltr'>its</span> <span class='ocrx_word' id='word_1_338' title='bbox 901 3069 1045 3117; x_wconf 87' lang='lat' dir='ltr'>connection</span> 
     </span>
     <span class='ocr_line' id='line_1_42' title="bbox 112 3125 1044 3186; baseline 0.008 -17"><span class='ocrx_word' id='word_1_339' title='bbox 112 3125 171 3172; x_wconf 89' lang='lat' dir='ltr'>with</span> <span class='ocrx_word' id='word_1_340' title='bbox 189 3128 277 3172; x_wconf 73' lang='lat' dir='ltr'>missus</span> <span class='ocrx_word' id='word_1_341' title='bbox 297 3136 366 3182; x_wconf 80' lang='lat' dir='ltr'>esset,</span> <span class='ocrx_word' id='word_1_342' title='bbox 384 3126 431 3174; x_wconf 93' lang='lat' dir='ltr'>and</span> <span class='ocrx_word' id='word_1_343' title='bbox 450 3127 595 3186; x_wconf 85' lang='lat' dir='ltr'>‘although&#39;</span> <span class='ocrx_word' id='word_1_344' title='bbox 613 3127 638 3174; x_wconf 91' lang='lat' dir='ltr'>in</span> <span class='ocrx_word' id='word_1_345' title='bbox 655 3127 686 3174; x_wconf 90' lang='lat' dir='ltr'>its</span> <span class='ocrx_word' id='word_1_346' title='bbox 703 3128 847 3175; x_wconf 88' lang='lat' dir='ltr'>connection</span> <span class='ocrx_word' id='word_1_347' title='bbox 864 3128 924 3175; x_wconf 86' lang='lat' dir='ltr'>with</span> <span class='ocrx_word' id='word_1_348' title='bbox 941 3137 1000 3175; x_wconf 81' lang='lat' dir='ltr'>esset</span> <span class='ocrx_word' id='word_1_349' title='bbox 1018 3131 1044 3176; x_wconf 80' lang='lat' dir='ltr'>irc</span> 
     </span>
     <span class='ocr_line' id='line_1_43' title="bbox 111 3200 1002 3251; baseline 0.003 -21"><span class='ocrx_word' id='word_1_350' title='bbox 111 3201 197 3244; x_wconf 79' lang='lat' dir='ltr'>magna</span> <span class='ocrx_word' id='word_1_351' title='bbox 209 3200 256 3244; x_wconf 86' lang='lat' dir='ltr'>spe.</span> <span class='ocrx_word' id='word_1_352' title='bbox 1000 3246 1002 3251; x_wconf 26' lang='grc' dir='ltr'>Ι</span> 
     </span>
    </p>

    <p class='ocr_par' dir='ltr' id='par_1_14' title="bbox 110 3255 1044 3423">
     <span class='ocr_line' id='line_1_44' title="bbox 141 3255 1044 3318; baseline 0.004 -16"><span class='ocrx_word' id='word_1_353' title='bbox 141 3260 158 3283; x_wconf 80' lang='lat'>¹⁰</span> <span class='ocrx_word' id='word_1_354' title='bbox 172 3255 263 3302; x_wconf 75' lang='lat' dir='ltr'>Triario</span> <span class='ocrx_word' id='word_1_355' title='bbox 280 3255 301 3302; x_wconf 89' lang='lat' dir='ltr'>is</span> <span class='ocrx_word' id='word_1_356' title='bbox 317 3271 330 3302; x_wconf 86' lang='lat' dir='ltr'>a</span> <span class='ocrx_word' id='word_1_357' title='bbox 347 3257 482 3305; x_wconf 85' lang='lat' dir='ltr'>somewhat</span> <span class='ocrx_word' id='word_1_358' title='bbox 498 3273 551 3305; x_wconf 86' lang='lat' dir='ltr'>rare</span> <span class='ocrx_word' id='word_1_359' title='bbox 567 3257 638 3312; x_wconf 86' lang='lat' dir='ltr'>form,</span> <span class='ocrx_word' id='word_1_360' title='bbox 653 3257 726 3306; x_wconf 83' lang='lat' dir='ltr'>taken</span> <span class='ocrx_word' id='word_1_361' title='bbox 744 3258 911 3318; x_wconf 88' lang='lat' dir='ltr'>immediately</span> <span class='ocrx_word' id='word_1_362' title='bbox 923 3258 984 3306; x_wconf 85' lang='lat' dir='ltr'>from</span> <span class='ocrx_word' id='word_1_363' title='bbox 1002 3258 1044 3307; x_wconf 87' lang='lat' dir='ltr'>the</span> 
     </span>
     <span class='ocr_line' id='line_1_45' title="bbox 110 3313 1044 3423; baseline 0.007 -63"><span class='ocrx_word' id='word_1_364' title='bbox 110 3313 309 3423; x_wconf 44' lang='lat' dir='ltr'>ssrgplgflgrrt&#39;he</span> <span class='ocrx_word' id='word_1_365' title='bbox 324 3314 437 3375; x_wconf 89' lang='lat' dir='ltr'>ordinary</span> <span class='ocrx_word' id='word_1_366' title='bbox 453 3318 565 3372; x_wconf 80' lang='lat' dir='ltr'>triremis,</span> <span class='ocrx_word' id='word_1_367' title='bbox 586 3322 615 3365; x_wconf 83' lang='lat' dir='ltr'>‘a</span> <span class='ocrx_word' id='word_1_368' title='bbox 631 3317 713 3378; x_wconf 80' lang='lat' dir='ltr'>galley</span> <span class='ocrx_word' id='word_1_369' title='bbox 730 3317 790 3365; x_wconf 88' lang='lat' dir='ltr'>with</span> <span class='ocrx_word' id='word_1_370' title='bbox 807 3318 876 3366; x_wconf 86' lang='lat' dir='ltr'>three</span> <span class='ocrx_word' id='word_1_371' title='bbox 892 3318 1000 3367; x_wconf 88' lang='lat' dir='ltr'>benches</span> <span class='ocrx_word' id='word_1_372' title='bbox 1017 3333 1044 3367; x_wconf 93' lang='lat' dir='ltr'>or</span> 
     </span>
    </p>
   </div>
   <div class='ocr_carea' id='block_1_13' title="bbox 139 3443 1045 3510">
    <p class='ocr_par' dir='ltr' id='par_1_15' title="bbox 139 3443 1045 3510">
     <span class='ocr_line' id='line_1_46' title="bbox 139 3443 1045 3510; baseline 0.006 -16"><span class='ocrx_word' id='word_1_373' title='bbox 139 3445 192 3494; x_wconf 73' lang='lat' dir='ltr'>“A</span> <span class='ocrx_word' id='word_1_374' title='bbox 209 3453 277 3494; x_wconf 79' lang='lat' dir='ltr'>torva</span> <span class='ocrx_word' id='word_1_375' title='bbox 291 3443 317 3494; x_wconf 86' lang='lat' dir='ltr'>in</span> <span class='ocrx_word' id='word_1_376' title='bbox 336 3443 452 3502; x_wconf 82' lang='lat' dir='ltr'>Lucania,</span> <span class='ocrx_word' id='word_1_377' title='bbox 471 3446 616 3506; x_wconf 85' lang='lat' dir='ltr'>aprovince</span> <span class='ocrx_word' id='word_1_378' title='bbox 633 3447 662 3497; x_wconf 83' lang='lat' dir='ltr'>of</span> <span class='ocrx_word' id='word_1_379' title='bbox 678 3448 800 3498; x_wconf 88' lang='lat' dir='ltr'>Southern</span> <span class='ocrx_word' id='word_1_380' title='bbox 816 3448 889 3510; x_wconf 88' lang='lat' dir='ltr'>Italy.</span> <span class='ocrx_word' id='word_1_381' title='bbox 920 3447 944 3498; x_wconf 89' lang='lat' dir='ltr'>It</span> <span class='ocrx_word' id='word_1_382' title='bbox 960 3464 1045 3499; x_wconf 81' lang='lat' dir='ltr'>wasa</span> 
     </span>
    </p>
   </div>
   <div class='ocr_carea' id='block_1_14' title="bbox 0 0 1166 3750">
    <p class='ocr_par' dir='ltr' id='par_1_16' title="bbox 0 0 1166 3750">
     <span class='ocr_line' id='line_1_47' title="bbox 0 0 1166 3750; baseline 0 3"><span class='ocrx_word' id='word_1_383' title='bbox 0 0 1166 3750; x_wconf 95' lang='lat' dir='ltr'> </span> 
     </span>
    </p>
   </div>
  </div>
 </body>
</html>
