2324 3750
116 156 176 218 160
433 171 582 216 ooaumnr
601 171 742 216 nmuurs.

118 291 247 352 praeerat.
283 281 336 335 Hic
351 283 383 335 ab
395 285 524 352 Agnoue¹
541 290 686 345 accusatus,
697 283 763 350 quod
775 281 913 336 Piraeeum
925 283 1052 338 Nicanori

118 352 279 420 prodidisset,
308 369 342 404 ex
371 353 472 405 consilii
501 353 649 406 sententia2
680 353 706 404 in
735 353 876 404 custodiam
906 355 1050 423 conjectus,

65 463 67 467 ,
119 422 238 473 Athenas
255 421 380 474 deductus
398 429 444 483 est,
463 430 492 474 nt
510 422 543 501 ibi
561 423 594 474 de
612 438 643 474 eo
661 421 762 489 legibus
779 421 855 473 fieret
868 421 1007 490 judicium.
1046 458 1051 462 -

155 505 180 556 4.
211 503 272 555 Huc
291 504 332 556 ubi
352 513 504 572 perventum
527 512 575 566 est,
594 506 674 556 cum³
692 512 794 571 propter
812 505 926 556 aetatem
945 505 1053 572 pedibus

123 573 178 642 jam
208 589 257 624 non
282 572 389 634 valeret,
414 573 582 641 vehiculoque
612 580 762 641 portaretur,
793 573 881 641 magni
911 588 1053 626 concursus

118 649 179 694 sunt
207 641 285 704 facti3
315 657 375 693 curn
404 641 458 703 alii,
482 641 679 694 reminiscentes
709 641 804 692 veteris
832 642 927 703 famae,
958 643 1052 696 aetatis
1081 681 1084 686 -

119 711 311 772 misererentur,
334 709 436 776 plurimi
467 726 528 763 vero
557 711 595 762 ira
624 717 814 774 exacuerentur
842 720 946 777 propter
970 712 1052 778 prudi-

118 779 195 831 tionis
218 779 388 846 suspicionem
413 778 524 841 Piraeei‚
549 779 712 846 maximeque
733 778 799 846 quod
819 778 945 830 adversus
966 780 1052 847 populi

118 847 250 900 commoda
274 848 301 900 in
324 855 469 906 senectute,
483 855 597 900 steterat
645 847 707 907 Qua
730 847 763 898 de
787 849 832 898 re⁴
857 863 891 898 ne
915 848 1052 915 perorandi

118 917 220 983 quidem
245 916 269 968 ei
293 916 353 969 data
378 925 418 969 est
442 915 551 968 facultas
575 925 602 968 et
620 915 722 968 dicendi
743 918 865 968 causam⁵
889 917 916 968 in
938 917 1051 984 judieio;

118 984 244 1053 legitimis
267 985 418 1053 quibusdam
442 985 591 1046 confectis‚⁶
617 985 761 1045 damnatus,
781 985 890 1036 traditus
912 993 952 1037 est
974 985 1052 1038 unde·

118 1053 258 1114 cimviris‚⁷
282 1055 374 1122 quihus
397 1054 429 1105 ad
453 1053 608 1120 supplicium
632 1069 702 1104 more
723 1053 922 1106 Atheniensium
947 1054 1052 1121 publice

118 1121 249 1174 damnati⁸
265 1123 331 1175 tradi
348 1122 439 1175 solent.
477 1122 530 1175 Hic
546 1138 606 1174 cum
622 1122 653 1173 ad
673 1131 780 1173 mortem
797 1120 944 1182 duceretur,
963 1122 1052 1175 obvius

118 1190 143 1243 ei
172 1190 220 1242 fuit
248 1191 409 1258 Euphiletus,
438 1208 488 1258 quo
518 1189 679 1243 familiariter
707 1190 792 1243 fuerat
821 1207 889 1242 usus
936 1191 963 1243 le
991 1207 1052 1242 cum

118 1258 265 1312 lacrimans,
284 1260 392 1312 dixisset
420 1260 461 1311 ‘O
490 1276 566 1326 quam
597 1259 703 1328 indigna
732 1259 881 1327 perpeteris,
905 1259 1051 1312 Phocionl'

118 1327 178 1379 hnic
207 1328 252 1380 ille
281 1330 333 1380 ‘At
361 1344 411 1379 non
440 1327 587 1395 inopinata,'
617 1329 706 1395 iuquit,
737 1328 820 1380 ‘hunc
850 1328 920 1380 enim
950 1329 1051 1380 exitum

118 1395 234 1464 plerique
255 1396 319 1449 clari
340 1396 389 1449 viri
413 1397 557 1449 habueruut
576 1395 767 1449 Athenienses'
803 1395 833 1447 ln
858 1396 925 1449 hoc’
948 1404 1051 1450 tantum

118 1464 167 1516 tuit
182 1464 267 1517 odium
284 1465 463 1527 multitudinis,
482 1472 511 1517 ut
529 1481 606 1518 nemo
624 1481 702 1517 ausus
719 1465 753 1517 sit
769 1481 829 1516 eum
848 1464 913 1518 liber
929 1465 1050 1535 sepelire.

116 1531 207 1601 Itaque
224 1551 239 1586 a
257 1535 339 1587 servis
356 1534 472 1602 sepultus
489 1541 537 1586 est.
548 1536 566 1568 ¹⁰
661 1605 665 1613 Ι

116 1692 466 1800 stiuffidemalqogueiocalled
483 1695 515 1752 by
534 1693 603 1741 other
622 1692 716 1741 writers
735 1693 887 1753 Agnunides.
927 1693 1050 1754 Compare

179 1787 185 1798 .
214 1767 255 1811 ‚p
301 1767 344 1808 ,n.
387 1785 393 1798 .

144 1828 154 1853 ²
166 1823 210 1871 ‘In
221 1823 366 1872 accordence
378 1824 438 1872 with
449 1823 491 1871 the
499 1823 628 1884 judgment
639 1824 668 1872 os
674 1824 716 1873 the
727 1825 838 1872 council.’

143 1902 153 1926 ¹
166 1897 224 1943 Cum
235 1896 294 1943 does
306 1893 423 1943 not'seem
435 1906 460 1944 to
472 1911 541 1944 mean
561 1897 616 1944 ‘as'
634 1897 700 1952 here,
714 1899 757 1945 hut
774 1897 866 1958 merely
879 1897 996 1957 ‘whilst’
1010 1899 1046 1956 in·

115 1954 242 2015 troduoing
257 1971 271 2002 a
286 1964 336 2002 sort
353 1954 380 2002 of
392 1955 566 2013 parenthetical
582 1956 743 2004 observation.
777 1956 859 2005 There
871 1972 910 2005 are
921 1967 964 2005 too
974 1973 1050 2020 many

115 2013 271 2061 subordinate
282 2013 376 2060 clauses
387 2014 411 2060 in
423 2013 471 2061 this
483 2024 606 2061 sentence.

144 2090 152 2113 ⁴
164 2084 279 2144 Namely,
292 2085 333 2133 the
344 2086 447 2146 suspicio
454 2088 597 2147 proditionis
608 2085 713 2135 Piraeei.

144 2164 153 2188 ¹
163 2157 235 2204 Alter
243 2159 371 2218 perorandi
383 2157 431 2205 this
443 2157 463 2204 is
473 2157 632 2216 superfluous.

141 2233 151 2258 ⁸
164 2228 279 2277 ‘Certain
291 2228 354 2289 legal
365 2229 506 2276 formalities
517 2229 607 2290 having
618 2232 680 2277 been
691 2245 754 2290 gone
766 2231 889 2293 through!

142 2305 150 2328 ¹
163 2301 218 2348 ‘To
230 2300 271 2348 the
283 2301 395 2356 Eleven,’
413 2317 428 2348 a
442 2301 516 2348 board
528 2301 555 2348 of
567 2302 762 2352 commissionem
774 2314 798 2352 at
810 2303 917 2362 Athens,
930 2305 988 2354 who
999 2305 1048 2356 had

113 2357 201 2420 charge
212 2357 240 2406 ol'
247 2360 288 2406 the
300 2358 378 2418 police
390 2359 436 2406 end
447 2358 488 2406 the
501 2361 657 2418 punishment
669 2361 697 2410 os
704 2363 834 2412 criminals.

141 2435 150 2459 ⁸
162 2430 227 2478 That
239 2431 269 2486 is,
280 2446 380 2489 persons
391 2430 541 2479 condemned
552 2431 588 2480 lor
598 2432 705 2483 offences
716 2435 810 2496 against
821 2436 863 2484 the
874 2443 946 2486 state.
979 2436 1046 2488 Pho·

112 2488 190 2537 cion's
200 2489 295 2550 alleged
307 2489 382 2537 crime
394 2505 444 2538 was
456 2490 514 2550 high
527 2500 631 2542 treason.

141 2561 230 2610 'More
242 2561 363 2621 naturally
374 2564 401 2611 io
411 2566 479 2612 hreno.
511 2563 559 2612 See
569 2563 643 2621 Dion,
656 2568 680 2622 6,
694 2581 715 2625 p.
728 2570 766 2622 90,
779 2582 803 2615 u.
815 2570 849 2618 9.-

141 2639 159 2663 ¹⁰
169 2634 191 2682 lt
203 2650 254 2683 was
270 2635 352 2695 illegal
368 2644 394 2683 to
409 2637 471 2695 bury
482 2636 578 2704 traitors
589 2639 673 2685 within
689 2639 730 2686 the
746 2639 891 2688 houndaries
907 2639 936 2688 of
943 2641 1045 2696 Atticae

111 2708 152 2762 see
168 2693 278 2763 limm-
292 2699 328 2749 10,
342 2694 413 2763 end..
429 2695 537 2743 Phocion
549 2711 600 2744 was
616 2695 733 2746 therefore
746 2699 851 2747 interred
862 2701 886 2746 in
896 2699 938 2747 the
949 2699 1045 2761 adjoin-

110 2753 1042 2874 diadlllllclsnlillllallillllllllldl'allelelllrlilll‘ffl⁰⁵
