2324 3750
474 185 558 232 xxv.
578 186 718 231 amous.
979 171 1040 232 211

113 305 160 352 ant
181 296 338 351 familiarior.
385 295 418 349 ui
441 297 479 350 rei
501 304 562 349 sunt
586 297 686 360 indicio,
711 304 814 364 praeter
836 314 880 351 eos
905 296 989 360 libros,
1013 298 1041 351 in

113 368 206 435 quibus
228 367 261 419 de
284 383 316 418 eo
341 365 405 418 facit
432 365 598 426 mentionem,
627 366 671 432 qui
699 366 725 418 in
757 367 851 435 vulgus
880 373 942 419 sunt
969 366 1040 426 editi,

114 436 234 488 undecim
253 434 383 487 volumina
402 433 591 502 epistolarum,¹
617 435 649 486 ab
666 435 801 488 consulatu
824 439 882 504 eJ'us
904 452 985 503 usque
1008 435 1041 487 ed

114 511 260 556 extremum
284 511 386 570 tempos
407 502 441 554 ad
465 501 582 554 Atticum
605 502 756 566 missarnm;
786 521 852 570 quae
875 504 938 570 qui¹
962 504 1041 572 legat,

114 588 165 624 non
185 571 295 624 multum
313 571 443 623 desideret
463 569 594 623 historiam
613 579 761 624 contextam
782 588 870 624 eorum
889 581 1040 639 temporum.

115 640 161 691 Sic
181 639 250 692 enim
271 639 356 692 omnia
376 639 409 691 de
427 638 520 691 studiis
538 639 689 706 principum,
710 640 779 692 vitiis
796 641 900 702 ducum,
923 639 1042 692 mutatio·

114 708 190 761 nibus
207 707 363 776 reipublicae
380 706 521 774 perscripta
538 716 606 768 sunt,
625 715 655 759 ut
671 707 735 760 nihil
753 708 778 760 in
797 709 838 761 his
850 725 900 761 non
910 713 1041 775 ¹appareat,

114 785 143 828 et
160 776 238 829 facile
257 775 399 828 existimari
420 775 504 842 possit,
523 776 683 842 prudentiam
702 777 886 842 quodammodo
903 793 960 828 esse
977 776 1041 828 divi-

34 846 36 850 '
114 845 253 897 nationem.
289 843 350 895 Non
368 843 438 895 enirn
455 843 548 895 Cicero
565 860 599 895 ea
613 844 704 904 solum,
720 862 794 912 quae,
814 846 871 897 vivo
886 861 923 907 se,
941 844 1041 896 accide-

114 920 183 1034 rutnst,
201 912 287 1034 statura
305 911 440 979 praedixit,
457 910 503 963 sed
521 912 608 974 etiam,
623 928 690 979 quae
706 929 776 965 nunc
789 930 836 966 usu
849 913 962 975 veniunt,
974 915 1042 965 ceci·

114 997 143 1034 nr
188 999 206 1034 u
235 998 267 1034 va
279 998 315 1034 es.

150 1092 190 1147 17.
220 1091 262 1144 De
285 1091 399 1158 pietate⁴
426 1099 514 1144 autem
538 1090 619 1143 Attici
643 1091 703 1158 quid
727 1091 801 1169 plura
824 1091 1041 1145 commemorent

115 1177 176 1213 cum
199 1160 247 1212 hoc
271 1160 353 1227 ipsum
377 1177 439 1212 vere
461 1160 614 1228 gloriantem
639 1159 765 1212 audierim
790 1160 816 1212 in
838 1160 930 1213 funere
953 1160 1044 1212 matris

115 1245 187 1289 suae,
211 1245 287 1296 quarn
317 1229 411 1281 extulit
439 1245 563 1280 annorum
593 1228 759 1296 nonaginta,⁵
785 1229 860 1280 annis
888 1237 987 1296 septem
1015 1235 1044 1280 et

115 1296 253 1366 sexaginta
272 1313 301 1349 se
322 1306 452 1365 nunquam
473 1313 533 1349 oum
554 1304 635 1348 matre
649 1298 683 1348 in
703 1297 813 1365 gratiam
835 1295 958 1357 redisse,‘
978 1312 1043 1348 nun·

115 1382 192 1433 quarn
217 1381 275 1417 cnm
299 1381 384 1417 sorore
405 1366 483 1418 fuisse
507 1365 533 1416 in
553 1365 692 1426 simultate,
713 1382 790 1433 quam
810 1381 888 1433 prope
907 1363 1043 1432 aequalem

115 1433 232 1487 habehat.
286 1433 363 1493 Quod
392 1443 432 1486 est
458 1434 562 1501 signum
585 1441 631 1484 aut
650 1433 748 1484 nullam
773 1450 889 1502 unquam!
908 1432 976 1484 inter
999 1448 1044 1484 eos

115 1502 301 1570 querimoniam
323 1502 507 1563 intercessisse,
527 1508 574 1552 aut
593 1501 661 1552 hunc
681 1518 714 1553 ea
734 1501 813 1553 fuisse
834 1502 861 1553 in
881 1517 941 1552 suos
960 1499 1044 1552 indul·

136 1571 214 1631 entia,
236 1572 290 1649 ‘ut'
305 1587 367 1646 quos
396 1585 483 1622 amare
511 1569 624 1630 deberet,
654 1569 729 1621 irasci
760 1569 798 1620 eis
826 1568 899 1646 nefas
927 1567 1041 1620 duceret.

115 1638 259 1759 „rtet
279 1639 976 1773 tittttt‘⁸ittt..ttt,ttt³,tr1‘tttt.tttt
978 1652 1044 1772 ⁰325:

116 1784 191 1842 cepta
215 1775 304 1826 hebuit
328 1774 491 1842 praecepta,⁸
514 1783 543 1827 ut
565 1775 606 1826 his
625 1773 657 1826 ad
679 1773 758 1828 vitam
779 1774 917 1842 agendam,
938 1788 989 1825 non
1010 1771 1043 1825 ad

115 1843 322 1903 ostentationem,
340 1850 463 1895 uteretur.

151 1953 193 2006 18.
219 1951 300 2004 Moris
320 1951 399 2004 etiem
419 1952 542 2020 majorum
563 1968 679 2005 summus
699 1951 812 2004 imitator
830 1950 887 2014 fuit,
906 1949 1044 2017 antiquita·

116 2020 200 2088 tisque
216 2027 330 2084 emator;
348 2037 424 2088 quam
442 2020 507 2073 adeo
523 2021 663 2089 diligenter
680 2020 769 2072 habuit
785 2019 925 2089 cognitam,
938 2027 968 2070 ut
984 2033 1044 2070 esra

145 2237 153 2261 ¹
164 2230 220 2279 The
231 2230 315 2277 letters
325 2229 386 2277 from
399 2230 486 2278 Cicero
497 2240 522 2278 to
531 2231 639 2284 Atticus,
651 2229 730 2277 which
742 2244 782 2277 ure
791 2239 882 2285 extant,
894 2229 1043 2279 are'divided

115 2289 167 2340 into
177 2291 280 2344 sixteen,
294 2299 335 2335 not
347 2288 441 2344 eleven,
453 2289 539 2342 books,
550 2288 597 2336 and
608 2287 704 2337 include
715 2304 729 2336 a
740 2290 842 2336 number
853 2289 949 2336 written
962 2288 1043 2337 before

117 2349 228 2397 Cicero's
238 2347 385 2406 consulship.
416 2348 439 2395 It
452 2347 533 2395 would
545 2362 641 2406 appear,
655 2347 784 2404 therefore,
797 2348 849 2395 that
860 2347 902 2395 the
913 2346 1043 2396 collection

117 2408 207 2455 known
218 2417 243 2453 to
256 2406 341 2465 Nepos
354 2421 404 2454 was
415 2405 556 2454 afterwards
567 2404 689 2466 enlarged.

144 2477 309 2537 ’Equivaient
326 2487 351 2524 to
361 2478 385 2526 ai
394 2479 461 2539 quis.-
480 2478 557 2526 hence
573 2477 615 2526 the
631 2477 793 2538 subjunctive.
827 2477 907 2526 Grcm.
920 2479 932 2539 Q
944 2480 997 2534 360,
1010 2480 1042 2535 ⁵3

115 2536 191 2586 Elem.
206 2537 285 2584 Grcm.
297 2539 349 2593 360,
361 2540 383 2584 5.

145 2608 231 2658 'Ceno
247 2609 267 2657 is
284 2624 343 2667 very
360 2607 498 2668 frequently
515 2607 576 2657 used
593 2607 622 2656 of
635 2607 676 2656 the
696 2608 821 2667 prophetie
837 2607 998 2656 declarations
1013 2607 1042 2657 of

114 2668 208 2717 eracles
219 2667 266 2714 and
277 2682 353 2714 seers.

144 2744 153 2768 ¹
163 2740 236 2788 Aeto
262 2741 321 2786 iem
348 2737 463 2796 enerally,
472 2753 514 2785 see
527 2736 616 2792 Cmson,
627 2741 650 2793 5,
659 2752 682 2796 p.
691 2740 729 2792 et,
740 2752 763 2784 n.
771 2741 793 2784 2.
807 2736 885 2793 ,Here
894 2736 912 2783 it
923 2736 944 2784 is
958 2736 1043 2786 ‘kind-

114 2812 172 2845 ness
183 2808 208 2844 to
216 2753 348 2865 rehtivesff
382 2795 456 2856 Quid,
470 2795 581 2865 properly
592 2811 622 2843 an
633 2796 769 2843 accusative
781 2794 809 2842 of
816 2794 946 2862 reference,
963 2799 1005 2842 ‘as
1016 2806 1043 2842 to
1064 2803 1066 2807 ’

114 2856 201 2911 whet,’
217 2861 256 2902 ‘m
267 2855 332 2903 what
348 2857 462 2912 respect,¹
476 2871 496 2902 rs
508 2854 569 2902 used
580 2855 637 2902 here
649 2869 675 2902 as
687 2868 745 2912 very
756 2853 830 2908 often,
844 2868 868 2900 tn
880 2852 920 2900 the
932 2866 1004 2900 sense
1014 2852 1043 2901 of

113 2930 164 2970 cur,
177 2913 266 2973 ‘why’
300 2913 355 2961 The
366 2912 449 2961 Greek
459 2913 630 2973 interrogative
641 2927 750 2972 pronoun
761 2918 782 2959 at
792 2912 813 2960 is
824 2911 885 2960 used
893 2911 919 2958 in
927 2911 968 2958 the
975 2925 1043 2960 same

114 2987 178 3033 way.

143 3043 254 3103 ‘Supply
270 3044 397 3095 mulierem.
413 3042 499 3090 ‘when
516 3058 530 3091 a
546 3057 640 3091 woman
652 3042 680 3090 of
692 3041 791 3101 ninery!
823 3041 905 3090 Anne
921 3050 1006 3105 septem
1022 3049 1049 3091 et·

113 3101 335 3164 senogime-that
347 3102 376 3155 is,
390 3101 476 3162 during
486 3101 524 3149 his
532 3101 615 3148 whole
627 3100 675 3148 life.

142 3173 246 3221 “That
262 3173 293 3221 he
310 3187 384 3220 never
400 3172 447 3220 had
465 3183 490 3219 to
506 3181 588 3220 return
606 3181 630 3219 to
645 3172 729 3219 favour
744 3171 817 3231 (good
832 3173 916 3226 terme)
927 3170 987 3220 with
1003 3169 1042 3221 his

113 3231 312 3283 mother’-that
324 3231 353 3286 is,
367 3231 419 3278 that
431 3231 489 3291 they
500 3230 546 3278 had
559 3245 633 3277 never
643 3229 786 3290 quarrelled.

142 3308 152 3333 ⁸
164 3303 253 3353 ‘From
264 3303 302 3352 his
311 3302 503 3363 (philosophical)
514 3300 631 3362 learning'
640 3302 730 3350 -that
742 3303 771 3358 is,
786 3307 833 3352 ‘on
847 3281 981 3364 principle?

141 3380 151 3406 ⁸
161 3373 314 3439 emm-
318 3371 442 3438 praecep'to
458 3374 478 3423 is
488 3373 658 3435 disagreeable
666 3386 696 3423 to
703 3373 750 3424 the
759 3388 814 3423 esa.
