<?xml version="1.0" encoding="UTF-8"?>
<!DOCTYPE html PUBLIC "-//W3C//DTD XHTML 1.0 Transitional//EN"
    "http://www.w3.org/TR/xhtml1/DTD/xhtml1-transitional.dtd">
<html xmlns="http://www.w3.org/1999/xhtml" xml:lang="en" lang="en">
 <head>
  <title>
</title>
<meta http-equiv="Content-Type" content="text/html;charset=utf-8" />
  <meta name='ocr-system' content='tesseract 3.04.00' />
  <meta name='ocr-capabilities' content='ocr_page ocr_carea ocr_par ocr_line ocrx_word'/>
</head>
<body>
  <div class='ocr_page' id='page_1' title='image "./liberdeexcellen00nepogoog_0231.png"; bbox 0 0 2324 3750; ppageno 0'>
   <div class='ocr_carea' id='block_1_1' title="bbox 118 147 733 209">
    <p class='ocr_par' dir='ltr' id='par_1_1' title="bbox 118 147 733 209">
     <span class='ocr_line' id='line_1_1' title="bbox 118 147 733 209; baseline 0 -1"><span class='ocrx_word' id='word_1_1' title='bbox 118 147 179 208; x_wconf 79' lang='lat'>214</span> <span class='ocrx_word' id='word_1_2' title='bbox 434 163 582 209; x_wconf 81' lang='lat' dir='ltr'>coanmn</span> <span class='ocrx_word' id='word_1_3' title='bbox 602 165 733 209; x_wconf 73' lang='lat' dir='ltr'>nasama</span> 
     </span>
    </p>
   </div>
   <div class='ocr_carea' id='block_1_2' title="bbox 112 275 1052 1918">
    <p class='ocr_par' dir='ltr' id='par_1_2' title="bbox 116 275 1052 1354">
     <span class='ocr_line' id='line_1_2' title="bbox 119 275 1051 344; baseline 0.004 -18"><span class='ocrx_word' id='word_1_4' title='bbox 119 291 196 344; x_wconf 89' lang='lat' dir='ltr'>qnam</span> <span class='ocrx_word' id='word_1_5' title='bbox 214 275 295 328; x_wconf 88' lang='lat' dir='ltr'>vellet</span> <span class='ocrx_word' id='word_1_6' title='bbox 311 275 400 328; x_wconf 84' lang='lat' dir='ltr'>Attico</span> <span class='ocrx_word' id='word_1_7' title='bbox 417 275 554 340; x_wconf 87' lang='lat' dir='ltr'>frueretur,</span> <span class='ocrx_word' id='word_1_8' title='bbox 570 277 658 330; x_wconf 90' lang='lat' dir='ltr'>nullus</span> <span class='ocrx_word' id='word_1_9' title='bbox 676 276 733 329; x_wconf 88' lang='lat' dir='ltr'>dies</span> <span class='ocrx_word' id='word_1_10' title='bbox 749 282 849 328; x_wconf 87' lang='lat' dir='ltr'>temere</span> <span class='ocrx_word' id='word_1_11' title='bbox 873 276 1051 341; x_wconf 73' lang='lat' dir='ltr'>intercessit¹</span> 
     </span>
     <span class='ocr_line' id='line_1_3' title="bbox 119 344 1052 413; baseline 0.006 -18"><span class='ocrx_word' id='word_1_12' title='bbox 119 361 169 412; x_wconf 87' lang='lat' dir='ltr'>quo</span> <span class='ocrx_word' id='word_1_13' title='bbox 189 361 239 396; x_wconf 90' lang='lat' dir='ltr'>non</span> <span class='ocrx_word' id='word_1_14' title='bbox 259 344 292 397; x_wconf 93' lang='lat' dir='ltr'>ad</span> <span class='ocrx_word' id='word_1_15' title='bbox 313 361 372 396; x_wconf 89' lang='lat' dir='ltr'>eum</span> <span class='ocrx_word' id='word_1_16' title='bbox 393 346 523 407; x_wconf 82' lang='lat' dir='ltr'><strong>scriberet,</strong></span> <span class='ocrx_word' id='word_1_17' title='bbox 542 363 601 398; x_wconf 91' lang='lat' dir='ltr'>cum</span> <span class='ocrx_word' id='word_1_18' title='bbox 622 346 696 397; x_wconf 84' lang='lat' dir='ltr'>ruodo</span> <span class='ocrx_word' id='word_1_19' title='bbox 722 345 818 411; x_wconf 89' lang='lat' dir='ltr'>aliquid</span> <span class='ocrx_word' id='word_1_20' title='bbox 838 346 871 399; x_wconf 90' lang='lat' dir='ltr'>de</span> <span class='ocrx_word' id='word_1_21' title='bbox 893 347 1052 413; x_wconf 79' lang='lat' dir='ltr'><strong>antiquitate</strong></span> 
     </span>
     <span class='ocr_line' id='line_1_4' title="bbox 118 413 1051 482; baseline 0.004 -18"><span class='ocrx_word' id='word_1_22' title='bbox 118 414 151 464; x_wconf 86' lang='lat' dir='ltr'>ab</span> <span class='ocrx_word' id='word_1_23' title='bbox 181 430 211 464; x_wconf 91' lang='lat' dir='ltr'>eo</span> <span class='ocrx_word' id='word_1_24' title='bbox 241 413 390 480; x_wconf 89' lang='lat' dir='ltr'>requireret,</span> <span class='ocrx_word' id='word_1_25' title='bbox 415 413 489 466; x_wconf 90' lang='lat' dir='ltr'>modo</span> <span class='ocrx_word' id='word_1_26' title='bbox 517 414 629 481; x_wconf 87' lang='lat' dir='ltr'>aliquam</span> <span class='ocrx_word' id='word_1_27' title='bbox 657 415 833 480; x_wconf 88' lang='lat' dir='ltr'>quaestionem</span> <span class='ocrx_word' id='word_1_28' title='bbox 863 415 992 482; x_wconf 72' lang='lat' dir='ltr'>poeticam</span> <span class='ocrx_word' id='word_1_29' title='bbox 1025 417 1051 468; x_wconf 90' lang='lat' dir='ltr'>ei</span> 
     </span>
     <span class='ocr_line' id='line_1_5' title="bbox 119 481 1049 550; baseline 0.004 -18"><span class='ocrx_word' id='word_1_30' title='bbox 119 490 277 548; x_wconf 80' lang='lat' dir='ltr'>proponeret,</span> <span class='ocrx_word' id='word_1_31' title='bbox 291 481 419 534; x_wconf 89' lang='lat' dir='ltr'>interdum</span> <span class='ocrx_word' id='word_1_32' title='bbox 434 482 524 550; x_wconf 87' lang='lat' dir='ltr'>jocans</span> <span class='ocrx_word' id='word_1_33' title='bbox 543 485 599 550; x_wconf 86' lang='lat' dir='ltr'>ejus</span> <span class='ocrx_word' id='word_1_34' title='bbox 617 483 774 534; x_wconf 80' lang='lat' dir='ltr'>verbosiores</span> <span class='ocrx_word' id='word_1_35' title='bbox 791 482 900 536; x_wconf 83' lang='lat' dir='ltr'>eliceret</span> <span class='ocrx_word' id='word_1_36' title='bbox 916 483 1049 550; x_wconf 87' lang='lat' dir='ltr'>epistolas.</span> 
     </span>
     <span class='ocr_line' id='line_1_6' title="bbox 118 549 1050 618; baseline 0.004 -18"><span class='ocrx_word' id='word_1_37' title='bbox 118 549 160 600; x_wconf 84' lang='lat' dir='ltr'>Ex</span> <span class='ocrx_word' id='word_1_38' title='bbox 183 567 232 617; x_wconf 91' lang='lat' dir='ltr'>qun</span> <span class='ocrx_word' id='word_1_39' title='bbox 255 549 357 612; x_wconf 89' lang='lat' dir='ltr'>accidit,</span> <span class='ocrx_word' id='word_1_40' title='bbox 379 567 438 602; x_wconf 94' lang='lat' dir='ltr'>cum</span> <span class='ocrx_word' id='word_1_41' title='bbox 462 551 554 602; x_wconf 77' lang='lat' dir='ltr'>aedis²</span> <span class='ocrx_word' id='word_1_42' title='bbox 575 550 647 602; x_wconf 84' lang='lat' dir='ltr'>Jovis</span> <span class='ocrx_word' id='word_1_43' title='bbox 670 549 781 602; x_wconf 82' lang='lat' dir='ltr'>Feretrii</span> <span class='ocrx_word' id='word_1_44' title='bbox 805 550 831 602; x_wconf 90' lang='lat' dir='ltr'>iu</span> <span class='ocrx_word' id='word_1_45' title='bbox 855 551 992 618; x_wconf 85' lang='lat' dir='ltr'>Capitolio,</span> <span class='ocrx_word' id='word_1_46' title='bbox 1017 553 1050 604; x_wconf 91' lang='lat' dir='ltr'>ab</span> 
     </span>
     <span class='ocr_line' id='line_1_7' title="bbox 118 616 1050 687; baseline 0.003 -18"><span class='ocrx_word' id='word_1_47' title='bbox 118 616 229 670; x_wconf 78' lang='lat' dir='ltr'>Remulo</span> <span class='ocrx_word' id='word_1_48' title='bbox 251 618 398 680; x_wconf 85' lang='lat' dir='ltr'>constituta,</span> <span class='ocrx_word' id='word_1_49' title='bbox 424 626 553 671; x_wconf 89' lang='lat' dir='ltr'>vetustate</span> <span class='ocrx_word' id='word_1_50' title='bbox 582 627 659 686; x_wconf 86' lang='lat' dir='ltr'>atque</span> <span class='ocrx_word' id='word_1_51' title='bbox 688 619 788 670; x_wconf 91' lang='lat' dir='ltr'>incuria</span> <span class='ocrx_word' id='word_1_52' title='bbox 811 620 943 680; x_wconf 79' lang='lat' dir='ltr'>detecta,⁸</span> <span class='ocrx_word' id='word_1_53' title='bbox 966 621 1050 687; x_wconf 87' lang='lat' dir='ltr'>prola-</span> 
     </span>
     <span class='ocr_line' id='line_1_8' title="bbox 118 686 1048 748; baseline 0.003 -10"><span class='ocrx_word' id='word_1_54' title='bbox 118 686 229 748; x_wconf 89' lang='lat' dir='ltr'>beretur,</span> <span class='ocrx_word' id='word_1_55' title='bbox 248 695 278 739; x_wconf 94' lang='lat' dir='ltr'>ut</span> <span class='ocrx_word' id='word_1_56' title='bbox 294 687 378 739; x_wconf 86' lang='lat' dir='ltr'>Attici</span> <span class='ocrx_word' id='word_1_57' title='bbox 398 686 529 738; x_wconf 91' lang='lat' dir='ltr'>admonitu</span> <span class='ocrx_word' id='word_1_58' title='bbox 550 687 648 738; x_wconf 86' lang='lat' dir='ltr'>Caesar</span> <span class='ocrx_word' id='word_1_59' title='bbox 668 704 725 738; x_wconf 87' lang='lat' dir='ltr'>eam</span> <span class='ocrx_word' id='word_1_60' title='bbox 748 686 913 739; x_wconf 89' lang='lat' dir='ltr'>reficiendam</span> <span class='ocrx_word' id='word_1_61' title='bbox 935 697 1048 741; x_wconf 85' lang='lat' dir='ltr'>curaret</span> 
     </span>
     <span class='ocr_line' id='line_1_9' title="bbox 117 753 1048 822; baseline 0.003 -17"><span class='ocrx_word' id='word_1_62' title='bbox 117 753 212 822; x_wconf 84' lang='lat' dir='ltr'>Neque</span> <span class='ocrx_word' id='word_1_63' title='bbox 236 772 297 808; x_wconf 90' lang='lat' dir='ltr'>vero</span> <span class='ocrx_word' id='word_1_64' title='bbox 319 773 335 806; x_wconf 91' lang='lat' dir='ltr'>a</span> <span class='ocrx_word' id='word_1_65' title='bbox 359 755 396 806; x_wconf 91' lang='lat' dir='ltr'>M.</span> <span class='ocrx_word' id='word_1_66' title='bbox 417 755 531 807; x_wconf 86' lang='lat' dir='ltr'>Antonio</span> <span class='ocrx_word' id='word_1_67' title='bbox 559 756 644 807; x_wconf 88' lang='lat' dir='ltr'>minus</span> <span class='ocrx_word' id='word_1_68' title='bbox 672 756 764 807; x_wconf 80' lang='lat' dir='ltr'>absens</span> <span class='ocrx_word' id='word_1_69' title='bbox 794 756 886 808; x_wconf 85' lang='lat' dir='ltr'>litteris</span> <span class='ocrx_word' id='word_1_70' title='bbox 907 756 1048 818; x_wconf 90' lang='lat' dir='ltr'>colebatur,</span> 
     </span>
     <span class='ocr_line' id='line_1_10' title="bbox 118 823 1049 892; baseline 0.003 -18"><span class='ocrx_word' id='word_1_71' title='bbox 118 823 183 875; x_wconf 89' lang='lat' dir='ltr'>adeo</span> <span class='ocrx_word' id='word_1_72' title='bbox 195 831 224 875; x_wconf 93' lang='lat' dir='ltr'>ut</span> <span class='ocrx_word' id='word_1_73' title='bbox 236 832 358 876; x_wconf 89' lang='lat' dir='ltr'>accurate</span> <span class='ocrx_word' id='word_1_74' title='bbox 376 824 421 876; x_wconf 92' lang='lat' dir='ltr'>ille</span> <span class='ocrx_word' id='word_1_75' title='bbox 439 840 472 875; x_wconf 87' lang='lat' dir='ltr'>err</span> <span class='ocrx_word' id='word_1_76' title='bbox 491 824 589 875; x_wconf 78' lang='lat' dir='ltr'>ultimis</span> <span class='ocrx_word' id='word_1_77' title='bbox 607 825 700 885; x_wconf 89' lang='lat' dir='ltr'>terris,⁴</span> <span class='ocrx_word' id='word_1_78' title='bbox 711 823 771 891; x_wconf 93' lang='lat' dir='ltr'>quid</span> <span class='ocrx_word' id='word_1_79' title='bbox 789 833 888 892; x_wconf 87' lang='lat' dir='ltr'>ageret,</span> <span class='ocrx_word' id='word_1_80' title='bbox 901 841 980 876; x_wconf 90' lang='lat' dir='ltr'>curae</span> <span class='ocrx_word' id='word_1_81' title='bbox 998 826 1049 878; x_wconf 90' lang='lat' dir='ltr'>sibi</span> 
     </span>
     <span class='ocr_line' id='line_1_11' title="bbox 117 891 1049 959; baseline 0.003 -17"><span class='ocrx_word' id='word_1_82' title='bbox 117 891 224 948; x_wconf 87' lang='lat' dir='ltr'>haberet</span> <span class='ocrx_word' id='word_1_83' title='bbox 247 892 384 944; x_wconf 84' lang='lat' dir='ltr'>certiorem</span> <span class='ocrx_word' id='word_1_84' title='bbox 407 893 492 944; x_wconf 89' lang='lat' dir='ltr'>facere</span> <span class='ocrx_word' id='word_1_85' title='bbox 513 894 638 944; x_wconf 90' lang='lat' dir='ltr'>Atticum.</span> <span class='ocrx_word' id='word_1_86' title='bbox 684 893 741 944; x_wconf 93' lang='lat' dir='ltr'>Hoc</span> <span class='ocrx_word' id='word_1_87' title='bbox 764 894 860 959; x_wconf 85' lang='lat' dir='ltr'>quale⁶</span> <span class='ocrx_word' id='word_1_88' title='bbox 880 894 922 954; x_wconf 91' lang='lat' dir='ltr'>sit,</span> <span class='ocrx_word' id='word_1_89' title='bbox 944 893 1049 946; x_wconf 82' lang='lat' dir='ltr'>facilius</span> 
     </span>
     <span class='ocr_line' id='line_1_12' title="bbox 118 959 1048 1029; baseline 0.003 -18"><span class='ocrx_word' id='word_1_90' title='bbox 118 959 275 1012; x_wconf 82' lang='lat' dir='ltr'>existimabit</span> <span class='ocrx_word' id='word_1_91' title='bbox 288 961 317 1022; x_wconf 88' lang='lat' dir='ltr'>is,</span> <span class='ocrx_word' id='word_1_92' title='bbox 329 962 372 1028; x_wconf 89' lang='lat' dir='ltr'>qui</span> <span class='ocrx_word' id='word_1_93' title='bbox 382 960 499 1029; x_wconf 89' lang='lat' dir='ltr'>judicare</span> <span class='ocrx_word' id='word_1_94' title='bbox 513 962 612 1027; x_wconf 91' lang='lat' dir='ltr'>poterit,</span> <span class='ocrx_word' id='word_1_95' title='bbox 624 968 737 1028; x_wconf 90' lang='lat' dir='ltr'>quantae</span> <span class='ocrx_word' id='word_1_96' title='bbox 749 961 783 1012; x_wconf 91' lang='lat' dir='ltr'>sit</span> <span class='ocrx_word' id='word_1_97' title='bbox 793 962 944 1028; x_wconf 89' lang='lat' dir='ltr'>sapientiae,</span> <span class='ocrx_word' id='word_1_98' title='bbox 957 977 1048 1014; x_wconf 88' lang='lat' dir='ltr'>eorum</span> 
     </span>
     <span class='ocr_line' id='line_1_13' title="bbox 118 1028 1046 1101; baseline 0.002 -21"><span class='ocrx_word' id='word_1_99' title='bbox 118 1028 230 1080; x_wconf 89' lang='lat' dir='ltr'>retinere</span> <span class='ocrx_word' id='word_1_100' title='bbox 242 1030 333 1081; x_wconf 79' lang='lat' dir='ltr'>usum⁸</span> <span class='ocrx_word' id='word_1_101' title='bbox 345 1028 608 1101; x_wconf 81' lang='lat' dir='ltr'>benevolentiamque,</span> <span class='ocrx_word' id='word_1_102' title='bbox 622 1030 689 1081; x_wconf 91' lang='lat' dir='ltr'>inter</span> <span class='ocrx_word' id='word_1_103' title='bbox 700 1047 762 1096; x_wconf 91' lang='lat' dir='ltr'>quos</span> <span class='ocrx_word' id='word_1_104' title='bbox 775 1031 945 1083; x_wconf 88' lang='lat' dir='ltr'>maximarum</span> <span class='ocrx_word' id='word_1_105' title='bbox 957 1046 1046 1082; x_wconf 88' lang='lat' dir='ltr'>rerum</span> 
     </span>
     <span class='ocr_line' id='line_1_14' title="bbox 116 1097 1046 1165; baseline 0.002 -17"><span class='ocrx_word' id='word_1_106' title='bbox 116 1112 166 1148; x_wconf 90' lang='lat' dir='ltr'>non</span> <span class='ocrx_word' id='word_1_107' title='bbox 180 1097 262 1163; x_wconf 83' lang='lat' dir='ltr'>solum</span> <span class='ocrx_word' id='word_1_108' title='bbox 273 1098 413 1150; x_wconf 75' lang='lat' dir='ltr'>aemulatio</span> <span class='ocrx_word' id='word_1_109' title='bbox 425 1097 470 1149; x_wconf 87' lang='lat' dir='ltr'>sed</span> <span class='ocrx_word' id='word_1_110' title='bbox 481 1098 632 1149; x_wconf 78' lang='lat' dir='ltr'>obtrectatio</span> <span class='ocrx_word' id='word_1_111' title='bbox 644 1107 717 1150; x_wconf 90' lang='lat' dir='ltr'>tanta</span> <span class='ocrx_word' id='word_1_112' title='bbox 729 1098 911 1159; x_wconf 88' lang='lat' dir='ltr'>intercedebat,</span> <span class='ocrx_word' id='word_1_113' title='bbox 921 1108 1046 1165; x_wconf 86' lang='lat' dir='ltr'>quantam</span> 
     </span>
     <span class='ocr_line' id='line_1_15' title="bbox 116 1165 1047 1233; baseline 0.003 -17"><span class='ocrx_word' id='word_1_114' title='bbox 116 1165 167 1217; x_wconf 90' lang='lat' dir='ltr'>fuit</span> <span class='ocrx_word' id='word_1_115' title='bbox 184 1165 298 1217; x_wconf 89' lang='lat' dir='ltr'>incidere</span> <span class='ocrx_word' id='word_1_116' title='bbox 316 1182 423 1218; x_wconf 85' lang='lat' dir='ltr'>necesse</span> <span class='ocrx_word' id='word_1_117' title='bbox 441 1166 509 1218; x_wconf 87' lang='lat' dir='ltr'>iuter</span> <span class='ocrx_word' id='word_1_118' title='bbox 526 1165 666 1218; x_wconf 86' lang='lat' dir='ltr'>Caesarem</span> <span class='ocrx_word' id='word_1_119' title='bbox 684 1174 762 1233; x_wconf 88' lang='lat' dir='ltr'>atque</span> <span class='ocrx_word' id='word_1_120' title='bbox 776 1168 924 1228; x_wconf 85' lang='lat' dir='ltr'>Antonium,</span> <span class='ocrx_word' id='word_1_121' title='bbox 938 1183 998 1218; x_wconf 90' lang='lat' dir='ltr'>cum</span> <span class='ocrx_word' id='word_1_122' title='bbox 1018 1183 1047 1219; x_wconf 89' lang='lat' dir='ltr'>se</span> 
     </span>
     <span class='ocr_line' id='line_1_16' title="bbox 116 1233 1047 1302; baseline 0.004 -18"><span class='ocrx_word' id='word_1_123' title='bbox 116 1242 224 1300; x_wconf 89' lang='lat' dir='ltr'>uterque</span> <span class='ocrx_word' id='word_1_124' title='bbox 243 1234 384 1302; x_wconf 89' lang='lat' dir='ltr'>principem</span> <span class='ocrx_word' id='word_1_125' title='bbox 401 1250 452 1285; x_wconf 92' lang='lat' dir='ltr'>non</span> <span class='ocrx_word' id='word_1_126' title='bbox 470 1233 552 1285; x_wconf 81' lang='lat' dir='ltr'>solutu</span> <span class='ocrx_word' id='word_1_127' title='bbox 571 1235 639 1286; x_wconf 89' lang='lat' dir='ltr'>urbis</span> <span class='ocrx_word' id='word_1_128' title='bbox 656 1234 755 1286; x_wconf 89' lang='lat' dir='ltr'>Romae</span> <span class='ocrx_word' id='word_1_129' title='bbox 772 1235 816 1286; x_wconf 88' lang='lat' dir='ltr'>sed</span> <span class='ocrx_word' id='word_1_130' title='bbox 834 1237 902 1288; x_wconf 89' lang='lat' dir='ltr'>orbis</span> <span class='ocrx_word' id='word_1_131' title='bbox 918 1242 1047 1288; x_wconf 87' lang='lat' dir='ltr'>terrarum</span> 
     </span>
     <span class='ocr_line' id='line_1_17' title="bbox 116 1310 298 1354; baseline -0.005 0"><span class='ocrx_word' id='word_1_132' title='bbox 116 1317 216 1354; x_wconf 85' lang='lat' dir='ltr'>essecu</span> <span class='ocrx_word' id='word_1_133' title='bbox 235 1310 298 1353; x_wconf 85' lang='lat' dir='ltr'>eret</span> 
     </span>
    </p>

    <p class='ocr_par' dir='ltr' id='par_1_3' title="bbox 112 1319 1046 1918">
     <span class='ocr_line' id='line_1_18' title="bbox 149 1319 1045 1439; baseline 0.003 -18"><span class='ocrx_word' id='word_1_134' title='bbox 149 1371 192 1422; x_wconf 83' lang='lat'>21.</span> <span class='ocrx_word' id='word_1_135' title='bbox 212 1319 273 1421; x_wconf 59' lang='lat' dir='ltr'>{iah</span> <span class='ocrx_word' id='word_1_136' title='bbox 286 1370 359 1422; x_wconf 88' lang='lat' dir='ltr'>modo</span> <span class='ocrx_word' id='word_1_137' title='bbox 376 1387 436 1422; x_wconf 91' lang='lat' dir='ltr'>cum</span> <span class='ocrx_word' id='word_1_138' title='bbox 453 1377 552 1437; x_wconf 91' lang='lat' dir='ltr'>septem</span> <span class='ocrx_word' id='word_1_139' title='bbox 565 1379 592 1422; x_wconf 90' lang='lat' dir='ltr'>et</span> <span class='ocrx_word' id='word_1_140' title='bbox 603 1371 768 1438; x_wconf 75' lang='lat' dir='ltr'>septuaginta</span> <span class='ocrx_word' id='word_1_141' title='bbox 785 1388 867 1424; x_wconf 87' lang='lat' dir='ltr'>annos</span> <span class='ocrx_word' id='word_1_142' title='bbox 882 1372 1045 1439; x_wconf 82' lang='lat' dir='ltr'>complesset,</span> 
     </span>
     <span class='ocr_line' id='line_1_19' title="bbox 114 1439 1045 1509; baseline 0.002 -19"><span class='ocrx_word' id='word_1_143' title='bbox 114 1446 192 1506; x_wconf 91' lang='lat' dir='ltr'>atque</span> <span class='ocrx_word' id='word_1_144' title='bbox 214 1439 245 1489; x_wconf 94' lang='lat' dir='ltr'>ad</span> <span class='ocrx_word' id='word_1_145' title='bbox 271 1447 414 1492; x_wconf 86' lang='lat' dir='ltr'>extremam</span> <span class='ocrx_word' id='word_1_146' title='bbox 437 1447 598 1491; x_wconf 91' lang='lat' dir='ltr'>senectutem</span> <span class='ocrx_word' id='word_1_147' title='bbox 628 1456 678 1490; x_wconf 92' lang='lat' dir='ltr'>non</span> <span class='ocrx_word' id='word_1_148' title='bbox 708 1440 794 1491; x_wconf 90' lang='lat' dir='ltr'>minus</span> <span class='ocrx_word' id='word_1_149' title='bbox 816 1441 944 1509; x_wconf 81' lang='lat' dir='ltr'>dignitate</span> <span class='ocrx_word' id='word_1_150' title='bbox 966 1457 1045 1507; x_wconf 88' lang='lat' dir='ltr'>quam</span> 
     </span>
     <span class='ocr_line' id='line_1_20' title="bbox 114 1507 1046 1577; baseline 0.001 -18"><span class='ocrx_word' id='word_1_151' title='bbox 114 1508 199 1576; x_wconf 86' lang='lat' dir='ltr'>gratia</span> <span class='ocrx_word' id='word_1_152' title='bbox 223 1507 374 1574; x_wconf 82' lang='lat' dir='ltr'>fortunaque</span> <span class='ocrx_word' id='word_1_153' title='bbox 403 1508 527 1559; x_wconf 87' lang='lat' dir='ltr'>crevisset</span> <span class='ocrx_word' id='word_1_154' title='bbox 552 1508 659 1577; x_wconf 88' lang='lat' dir='ltr'>(multas</span> <span class='ocrx_word' id='word_1_155' title='bbox 688 1508 756 1559; x_wconf 89' lang='lat' dir='ltr'>enirn</span> <span class='ocrx_word' id='word_1_156' title='bbox 787 1509 944 1561; x_wconf 81' lang='lat' dir='ltr'>hereditates</span> <span class='ocrx_word' id='word_1_157' title='bbox 972 1509 1046 1561; x_wconf 91' lang='lat' dir='ltr'>nulla</span> 
     </span>
     <span class='ocr_line' id='line_1_21' title="bbox 113 1576 1046 1645; baseline 0.001 -17"><span class='ocrx_word' id='word_1_158' title='bbox 113 1577 166 1628; x_wconf 91' lang='lat' dir='ltr'>alia</span> <span class='ocrx_word' id='word_1_159' title='bbox 190 1594 219 1629; x_wconf 90' lang='lat' dir='ltr'>re</span> <span class='ocrx_word' id='word_1_160' title='bbox 240 1593 316 1644; x_wconf 91' lang='lat' dir='ltr'>quam</span> <span class='ocrx_word' id='word_1_161' title='bbox 341 1576 453 1629; x_wconf 86' lang='lat' dir='ltr'>bonitate</span> <span class='ocrx_word' id='word_1_162' title='bbox 477 1585 631 1627; x_wconf 88' lang='lat' dir='ltr'>consecutus</span> <span class='ocrx_word' id='word_1_163' title='bbox 651 1580 711 1641; x_wconf 90' lang='lat' dir='ltr'>est),</span> <span class='ocrx_word' id='word_1_164' title='bbox 729 1584 852 1645; x_wconf 87' lang='lat' dir='ltr'>tantaque</span> <span class='ocrx_word' id='word_1_165' title='bbox 875 1577 1046 1645; x_wconf 83' lang='lat' dir='ltr'>prosperitate</span> 
     </span>
     <span class='ocr_line' id='line_1_22' title="bbox 113 1644 1046 1712; baseline 0.001 -16"><span class='ocrx_word' id='word_1_166' title='bbox 113 1661 176 1696; x_wconf 78' lang='lat' dir='ltr'>ustis</span> <span class='ocrx_word' id='word_1_167' title='bbox 196 1653 264 1697; x_wconf 89' lang='lat' dir='ltr'>esset</span> <span class='ocrx_word' id='word_1_168' title='bbox 284 1644 446 1705; x_wconf 90' lang='lat' dir='ltr'>valetudinis,</span> <span class='ocrx_word' id='word_1_169' title='bbox 468 1652 498 1696; x_wconf 92' lang='lat' dir='ltr'>ut</span> <span class='ocrx_word' id='word_1_170' title='bbox 519 1645 611 1696; x_wconf 82' lang='lat' dir='ltr'>annis⁷</span> <span class='ocrx_word' id='word_1_171' title='bbox 630 1645 738 1712; x_wconf 83' lang='lat' dir='ltr'>triginta</span> <span class='ocrx_word' id='word_1_172' title='bbox 759 1645 888 1697; x_wconf 88' lang='lat' dir='ltr'>medicina</span> <span class='ocrx_word' id='word_1_173' title='bbox 910 1661 959 1697; x_wconf 88' lang='lat' dir='ltr'>nou</span> <span class='ocrx_word' id='word_1_174' title='bbox 979 1645 1046 1697; x_wconf 90' lang='lat' dir='ltr'>indi·</span> 
     </span>
     <span class='ocr_line' id='line_1_23' title="bbox 112 1713 1046 1781; baseline 0 -16"><span class='ocrx_word' id='word_1_175' title='bbox 112 1713 219 1781; x_wconf 88' lang='lat' dir='ltr'>guisset,</span> <span class='ocrx_word' id='word_1_176' title='bbox 243 1721 335 1766; x_wconf 88' lang='lat' dir='ltr'>nactus</span> <span class='ocrx_word' id='word_1_177' title='bbox 357 1721 398 1765; x_wconf 90' lang='lat' dir='ltr'>est</span> <span class='ocrx_word' id='word_1_178' title='bbox 420 1714 554 1774; x_wconf 85' lang='lat' dir='ltr'>morbum,⁸</span> <span class='ocrx_word' id='word_1_179' title='bbox 574 1729 650 1779; x_wconf 89' lang='lat' dir='ltr'>quern</span> <span class='ocrx_word' id='word_1_180' title='bbox 675 1713 747 1765; x_wconf 92' lang='lat' dir='ltr'>initio</span> <span class='ocrx_word' id='word_1_181' title='bbox 770 1721 798 1766; x_wconf 94' lang='lat' dir='ltr'>et</span> <span class='ocrx_word' id='word_1_182' title='bbox 821 1714 875 1780; x_wconf 89' lang='lat' dir='ltr'>ipse</span> <span class='ocrx_word' id='word_1_183' title='bbox 898 1719 927 1765; x_wconf 90' lang='lat' dir='ltr'>et</span> <span class='ocrx_word' id='word_1_184' title='bbox 948 1713 1046 1765; x_wconf 86' lang='lat' dir='ltr'>medici</span> 
     </span>
     <span class='ocr_line' id='line_1_24' title="bbox 112 1781 1045 1850; baseline -0.001 -17"><span class='ocrx_word' id='word_1_185' title='bbox 112 1791 328 1850; x_wconf 83' lang='lat' dir='ltr'>contempserunt</span> <span class='ocrx_word' id='word_1_186' title='bbox 371 1781 440 1833; x_wconf 90' lang='lat' dir='ltr'>Nam</span> <span class='ocrx_word' id='word_1_187' title='bbox 465 1788 587 1849; x_wconf 87' lang='lat' dir='ltr'>putarunt</span> <span class='ocrx_word' id='word_1_188' title='bbox 610 1798 667 1832; x_wconf 91' lang='lat' dir='ltr'>esse</span> <span class='ocrx_word' id='word_1_189' title='bbox 691 1783 843 1843; x_wconf 77' lang='lat' dir='ltr'>tenesmon,⁹</span> <span class='ocrx_word' id='word_1_190' title='bbox 863 1782 907 1834; x_wconf 92' lang='lat' dir='ltr'>cui</span> <span class='ocrx_word' id='word_1_191' title='bbox 928 1782 1045 1837; x_wconf 85' lang='lat' dir='ltr'>remedia</span> 
     </span>
     <span class='ocr_line' id='line_1_25' title="bbox 112 1849 1045 1918; baseline 0.001 -16"><span class='ocrx_word' id='word_1_192' title='bbox 112 1850 209 1903; x_wconf 88' lang='lat' dir='ltr'>celeria</span> <span class='ocrx_word' id='word_1_193' title='bbox 230 1851 369 1918; x_wconf 82' lang='lat' dir='ltr'>faciliaque</span> <span class='ocrx_word' id='word_1_194' title='bbox 392 1851 625 1918; x_wconf 82' lang='lat' dir='ltr'>proponebantur.¹⁰</span> <span class='ocrx_word' id='word_1_195' title='bbox 659 1849 690 1902; x_wconf 93' lang='lat' dir='ltr'>In</span> <span class='ocrx_word' id='word_1_196' title='bbox 714 1850 762 1902; x_wconf 90' lang='lat' dir='ltr'>hoc</span> <span class='ocrx_word' id='word_1_197' title='bbox 783 1867 843 1903; x_wconf 94' lang='lat' dir='ltr'>cum</span> <span class='ocrx_word' id='word_1_198' title='bbox 864 1858 917 1902; x_wconf 92' lang='lat' dir='ltr'>tres</span> <span class='ocrx_word' id='word_1_199' title='bbox 940 1866 1045 1903; x_wconf 88' lang='lat' dir='ltr'>menses</span> 
     </span>
    </p>
   </div>
   <div class='ocr_carea' id='block_1_3' title="bbox 110 1986 1046 2107">
    <p class='ocr_par' dir='ltr' id='par_1_4' title="bbox 110 1986 1046 2107">
     <span class='ocr_line' id='line_1_26' title="bbox 140 1986 1046 2048; baseline -0.001 -13"><span class='ocrx_word' id='word_1_200' title='bbox 140 1993 148 2017; x_wconf 89' lang='lat'><em>¹</em></span> <span class='ocrx_word' id='word_1_201' title='bbox 161 1993 167 2014; x_wconf 84' lang='lat'>⁴</span> <span class='ocrx_word' id='word_1_202' title='bbox 179 1988 221 2036; x_wconf 91' lang='lat' dir='ltr'>No</span> <span class='ocrx_word' id='word_1_203' title='bbox 236 1988 283 2048; x_wconf 91' lang='lat' dir='ltr'>day</span> <span class='ocrx_word' id='word_1_204' title='bbox 294 1987 385 2047; x_wconf 89' lang='lat' dir='ltr'>readily</span> <span class='ocrx_word' id='word_1_205' title='bbox 396 1987 587 2046; x_wconf 89' lang='lat' dir='ltr'>passed¹-that</span> <span class='ocrx_word' id='word_1_206' title='bbox 604 1988 633 2043; x_wconf 89' lang='lat' dir='ltr'>is,</span> <span class='ocrx_word' id='word_1_207' title='bbox 655 1986 777 2045; x_wconf 85' lang='lat' dir='ltr'>‘scarcely</span> <span class='ocrx_word' id='word_1_208' title='bbox 788 2002 803 2033; x_wconf 88' lang='lat' dir='ltr'>a</span> <span class='ocrx_word' id='word_1_209' title='bbox 817 1986 865 2046; x_wconf 86' lang='lat' dir='ltr'>day</span> <span class='ocrx_word' id='word_1_210' title='bbox 875 1986 980 2046; x_wconf 62' lang='lat' dir='ltr'>passed)</span> <span class='ocrx_word' id='word_1_211' title='bbox 1014 1986 1046 2034; x_wconf 87' lang='lat' dir='ltr'>Iu</span> 
     </span>
     <span class='ocr_line' id='line_1_27' title="bbox 110 2044 841 2107; baseline -0.001 -13"><span class='ocrx_word' id='word_1_212' title='bbox 110 2047 223 2107; x_wconf 81' lang='lat' dir='ltr'>negative</span> <span class='ocrx_word' id='word_1_213' title='bbox 234 2056 362 2094; x_wconf 88' lang='lat' dir='ltr'>sentences</span> <span class='ocrx_word' id='word_1_214' title='bbox 372 2056 455 2093; x_wconf 75' lang='lat' dir='ltr'>tenere</span> <span class='ocrx_word' id='word_1_215' title='bbox 464 2045 509 2093; x_wconf 90' lang='lat' dir='ltr'>has</span> <span class='ocrx_word' id='word_1_216' title='bbox 519 2045 586 2092; x_wconf 88' lang='lat' dir='ltr'>often</span> <span class='ocrx_word' id='word_1_217' title='bbox 597 2046 638 2093; x_wconf 88' lang='lat' dir='ltr'>the</span> <span class='ocrx_word' id='word_1_218' title='bbox 649 2046 714 2093; x_wconf 90' lang='lat' dir='ltr'>force</span> <span class='ocrx_word' id='word_1_219' title='bbox 725 2044 753 2092; x_wconf 80' lang='lat' dir='ltr'>of</span> <span class='ocrx_word' id='word_1_220' title='bbox 758 2046 841 2104; x_wconf 80' lang='lat' dir='ltr'>facile.</span> 
     </span>
    </p>
   </div>
   <div class='ocr_carea' id='block_1_4' title="bbox 110 2130 1045 2309">
    <p class='ocr_par' dir='ltr' id='par_1_5' title="bbox 110 2130 1045 2309">
     <span class='ocr_line' id='line_1_28' title="bbox 139 2130 1045 2190; baseline 0.001 -11"><span class='ocrx_word' id='word_1_221' title='bbox 139 2132 214 2180; x_wconf 65' lang='lat' dir='ltr'>‘The</span> <span class='ocrx_word' id='word_1_222' title='bbox 231 2133 386 2187; x_wconf 84' lang='lat' dir='ltr'>nominative,</span> <span class='ocrx_word' id='word_1_223' title='bbox 400 2133 501 2180; x_wconf 87' lang='lat' dir='ltr'>another</span> <span class='ocrx_word' id='word_1_224' title='bbox 511 2132 572 2180; x_wconf 90' lang='lat' dir='ltr'>form</span> <span class='ocrx_word' id='word_1_225' title='bbox 583 2132 619 2180; x_wconf 90' lang='lat' dir='ltr'>for</span> <span class='ocrx_word' id='word_1_226' title='bbox 629 2135 705 2180; x_wconf 82' lang='lat' dir='ltr'>aedes.</span> <span class='ocrx_word' id='word_1_227' title='bbox 737 2132 792 2180; x_wconf 89' lang='lat' dir='ltr'>The</span> <span class='ocrx_word' id='word_1_228' title='bbox 804 2132 895 2190; x_wconf 86' lang='lat' dir='ltr'>templa</span> <span class='ocrx_word' id='word_1_229' title='bbox 906 2130 934 2178; x_wconf 85' lang='lat' dir='ltr'>oi</span> <span class='ocrx_word' id='word_1_230' title='bbox 946 2130 1045 2189; x_wconf 88' lang='lat' dir='ltr'>Jupiter</span> 
     </span>
     <span class='ocr_line' id='line_1_29' title="bbox 110 2190 1042 2251; baseline -0.002 -12"><span class='ocrx_word' id='word_1_231' title='bbox 110 2191 231 2239; x_wconf 79' lang='lat' dir='ltr'>Feretrius</span> <span class='ocrx_word' id='word_1_232' title='bbox 247 2192 296 2246; x_wconf 87' lang='lat' dir='ltr'>(the</span> <span class='ocrx_word' id='word_1_233' title='bbox 312 2192 390 2251; x_wconf 84' lang='lat' dir='ltr'>prigin</span> <span class='ocrx_word' id='word_1_234' title='bbox 400 2191 428 2239; x_wconf 88' lang='lat' dir='ltr'>of</span> <span class='ocrx_word' id='word_1_235' title='bbox 440 2193 480 2238; x_wconf 85' lang='lat' dir='ltr'>tha</span> <span class='ocrx_word' id='word_1_236' title='bbox 498 2191 569 2238; x_wconf 87' lang='lat' dir='ltr'>latter</span> <span class='ocrx_word' id='word_1_237' title='bbox 585 2207 655 2238; x_wconf 89' lang='lat' dir='ltr'>name</span> <span class='ocrx_word' id='word_1_238' title='bbox 673 2193 694 2238; x_wconf 89' lang='lat' dir='ltr'>is</span> <span class='ocrx_word' id='word_1_239' title='bbox 711 2190 852 2245; x_wconf 81' lang='lat' dir='ltr'>uncertain),</span> <span class='ocrx_word' id='word_1_240' title='bbox 866 2206 897 2238; x_wconf 91' lang='lat' dir='ltr'>on</span> <span class='ocrx_word' id='word_1_241' title='bbox 913 2190 955 2238; x_wconf 88' lang='lat' dir='ltr'>the</span> <span class='ocrx_word' id='word_1_242' title='bbox 968 2190 1042 2249; x_wconf 84' lang='lat' dir='ltr'>Capi·</span> 
     </span>
     <span class='ocr_line' id='line_1_30' title="bbox 110 2249 959 2309; baseline -0.001 -12"><span class='ocrx_word' id='word_1_243' title='bbox 110 2251 185 2298; x_wconf 89' lang='lat' dir='ltr'>toline</span> <span class='ocrx_word' id='word_1_244' title='bbox 197 2251 256 2306; x_wconf 89' lang='lat' dir='ltr'>Hill‚</span> <span class='ocrx_word' id='word_1_245' title='bbox 271 2265 321 2298; x_wconf 86' lang='lat' dir='ltr'>was</span> <span class='ocrx_word' id='word_1_246' title='bbox 333 2250 437 2298; x_wconf 82' lang='lat' dir='ltr'>founded</span> <span class='ocrx_word' id='word_1_247' title='bbox 446 2251 479 2309; x_wconf 94' lang='lat' dir='ltr'>by</span> <span class='ocrx_word' id='word_1_248' title='bbox 491 2249 611 2298; x_wconf 88' lang='lat' dir='ltr'>Romulus</span> <span class='ocrx_word' id='word_1_249' title='bbox 621 2249 682 2297; x_wconf 87' lang='lat' dir='ltr'>after</span> <span class='ocrx_word' id='word_1_250' title='bbox 692 2265 738 2298; x_wconf 90' lang='lat' dir='ltr'>one</span> <span class='ocrx_word' id='word_1_251' title='bbox 749 2250 777 2298; x_wconf 87' lang='lat' dir='ltr'>of</span> <span class='ocrx_word' id='word_1_252' title='bbox 789 2250 827 2298; x_wconf 93' lang='lat' dir='ltr'>his</span> <span class='ocrx_word' id='word_1_253' title='bbox 838 2249 959 2297; x_wconf 78' lang='lat' dir='ltr'>victorius.</span> 
     </span>
    </p>
   </div>
   <div class='ocr_carea' id='block_1_5' title="bbox 138 2334 567 2390">
    <p class='ocr_par' dir='ltr' id='par_1_6' title="bbox 138 2334 567 2390">
     <span class='ocr_line' id='line_1_31' title="bbox 138 2334 567 2390; baseline -0.002 -7"><span class='ocrx_word' id='word_1_254' title='bbox 138 2341 147 2364; x_wconf 85' lang='lat'>¹</span> <span class='ocrx_word' id='word_1_255' title='bbox 160 2335 337 2390; x_wconf 87' lang='lat' dir='ltr'>‘Uncovered,¹</span> <span class='ocrx_word' id='word_1_256' title='bbox 353 2335 438 2382; x_wconf 82' lang='lat' dir='ltr'>‘made</span> <span class='ocrx_word' id='word_1_257' title='bbox 449 2334 567 2382; x_wconf 66' lang='lat' dir='ltr'>rootless)</span> 
     </span>
    </p>
   </div>
   <div class='ocr_carea' id='block_1_6' title="bbox 109 2419 1041 2528">
    <p class='ocr_par' dir='ltr' id='par_1_7' title="bbox 109 2419 1041 2528">
     <span class='ocr_line' id='line_1_32' title="bbox 137 2419 1041 2481; baseline 0.001 -13"><span class='ocrx_word' id='word_1_258' title='bbox 137 2421 275 2480; x_wconf 70' lang='lat' dir='ltr'>³Numely,</span> <span class='ocrx_word' id='word_1_259' title='bbox 294 2421 385 2480; x_wconf 84' lang='lat' dir='ltr'>Egypt,</span> <span class='ocrx_word' id='word_1_260' title='bbox 403 2435 431 2468; x_wconf 88' lang='lat' dir='ltr'>or</span> <span class='ocrx_word' id='word_1_261' title='bbox 445 2420 487 2467; x_wconf 85' lang='lat' dir='ltr'>the</span> <span class='ocrx_word' id='word_1_262' title='bbox 503 2419 563 2468; x_wconf 80' lang='lat' dir='ltr'>East</span> <span class='ocrx_word' id='word_1_263' title='bbox 579 2419 713 2481; x_wconf 80' lang='lat' dir='ltr'>generally,</span> <span class='ocrx_word' id='word_1_264' title='bbox 726 2419 807 2470; x_wconf 85' lang='lat' dir='ltr'>which</span> <span class='ocrx_word' id='word_1_265' title='bbox 820 2421 921 2479; x_wconf 85' lang='lat' dir='ltr'>Antony</span> <span class='ocrx_word' id='word_1_266' title='bbox 931 2419 980 2469; x_wconf 90' lang='lat' dir='ltr'>had</span> <span class='ocrx_word' id='word_1_267' title='bbox 996 2421 1041 2469; x_wconf 90' lang='lat' dir='ltr'>ob·</span> 
     </span>
     <span class='ocr_line' id='line_1_33' title="bbox 109 2479 426 2528; baseline -0.003 -1"><span class='ocrx_word' id='word_1_268' title='bbox 109 2479 191 2528; x_wconf 90' lang='lat' dir='ltr'>tained</span> <span class='ocrx_word' id='word_1_269' title='bbox 204 2495 230 2527; x_wconf 91' lang='lat' dir='ltr'>as</span> <span class='ocrx_word' id='word_1_270' title='bbox 245 2480 283 2526; x_wconf 88' lang='lat' dir='ltr'>his</span> <span class='ocrx_word' id='word_1_271' title='bbox 294 2479 426 2527; x_wconf 82' lang='lat' dir='ltr'>dominion:</span> 
     </span>
    </p>
   </div>
   <div class='ocr_carea' id='block_1_7' title="bbox 136 2549 458 2683">
    <p class='ocr_par' dir='ltr' id='par_1_8' title="bbox 136 2549 458 2683">
     <span class='ocr_line' id='line_1_34' title="bbox 139 2549 458 2606; baseline -0.006 -7"><span class='ocrx_word' id='word_1_272' title='bbox 139 2552 224 2599; x_wconf 79' lang='lat' dir='ltr'>‘Thac</span> <span class='ocrx_word' id='word_1_273' title='bbox 237 2551 267 2606; x_wconf 92' lang='lat' dir='ltr'>is,</span> <span class='ocrx_word' id='word_1_274' title='bbox 280 2551 336 2598; x_wconf 88' lang='lat' dir='ltr'>how</span> <span class='ocrx_word' id='word_1_275' title='bbox 347 2549 458 2598; x_wconf 88' lang='lat' dir='ltr'>difficult.</span> 
     </span>
     <span class='ocr_line' id='line_1_35' title="bbox 136 2623 438 2683; baseline -0.003 -12"><span class='ocrx_word' id='word_1_276' title='bbox 136 2630 145 2655; x_wconf 80' lang='lat'>⁸</span> <span class='ocrx_word' id='word_1_277' title='bbox 159 2624 313 2683; x_wconf 87' lang='lat' dir='ltr'>‘Intimacy,’</span> <span class='ocrx_word' id='word_1_278' title='bbox 326 2638 353 2671; x_wconf 82' lang='lat' dir='ltr'>as</span> <span class='ocrx_word' id='word_1_279' title='bbox 364 2623 438 2671; x_wconf 88' lang='lat' dir='ltr'>often.</span> 
     </span>
    </p>
   </div>
   <div class='ocr_carea' id='block_1_8' title="bbox 107 2695 1044 2920">
    <p class='ocr_par' dir='ltr' id='par_1_9' title="bbox 107 2695 1044 2920">
     <span class='ocr_line' id='line_1_36' title="bbox 137 2695 1043 2754; baseline 0 -10"><span class='ocrx_word' id='word_1_280' title='bbox 137 2695 205 2744; x_wconf 72' lang='lat' dir='ltr'>&#39;For</span> <span class='ocrx_word' id='word_1_281' title='bbox 215 2713 291 2744; x_wconf 73' lang='lat' dir='ltr'>aanor</span> <span class='ocrx_word' id='word_1_282' title='bbox 302 2713 311 2743; x_wconf 82' lang='lat'>.-</span> <span class='ocrx_word' id='word_1_283' title='bbox 332 2696 412 2743; x_wconf 83' lang='lat' dir='ltr'>Gram.</span> <span class='ocrx_word' id='word_1_284' title='bbox 423 2696 436 2746; x_wconf 76' lang='lat' dir='ltr'>b</span> <span class='ocrx_word' id='word_1_285' title='bbox 448 2698 500 2752; x_wconf 80' lang='lat'>256,</span> <span class='ocrx_word' id='word_1_286' title='bbox 509 2711 533 2743; x_wconf 92' lang='lat' dir='ltr'>n.</span> <span class='ocrx_word' id='word_1_287' title='bbox 544 2699 564 2743; x_wconf 90' lang='lat'>1.</span> <span class='ocrx_word' id='word_1_288' title='bbox 597 2695 706 2754; x_wconf 87' lang='lat' dir='ltr'>Nepos&#39;s</span> <span class='ocrx_word' id='word_1_289' title='bbox 717 2705 850 2744; x_wconf 87' lang='lat' dir='ltr'>statement</span> <span class='ocrx_word' id='word_1_290' title='bbox 862 2698 919 2744; x_wconf 88' lang='lat' dir='ltr'>here</span> <span class='ocrx_word' id='word_1_291' title='bbox 928 2695 988 2743; x_wconf 88' lang='lat' dir='ltr'>does</span> <span class='ocrx_word' id='word_1_292' title='bbox 999 2703 1043 2744; x_wconf 87' lang='lat' dir='ltr'>nat</span> 
     </span>
     <span class='ocr_line' id='line_1_37' title="bbox 108 2754 1044 2815; baseline -0.001 -13"><span class='ocrx_word' id='word_1_293' title='bbox 108 2770 180 2803; x_wconf 90' lang='lat' dir='ltr'>mean</span> <span class='ocrx_word' id='word_1_294' title='bbox 190 2755 242 2802; x_wconf 88' lang='lat' dir='ltr'>that</span> <span class='ocrx_word' id='word_1_295' title='bbox 253 2755 351 2802; x_wconf 84' lang='lat' dir='ltr'>Atticus</span> <span class='ocrx_word' id='word_1_296' title='bbox 362 2769 436 2802; x_wconf 91' lang='lat' dir='ltr'>never</span> <span class='ocrx_word' id='word_1_297' title='bbox 445 2770 495 2802; x_wconf 86' lang='lat' dir='ltr'>was</span> <span class='ocrx_word' id='word_1_298' title='bbox 507 2754 532 2801; x_wconf 95' lang='lat' dir='ltr'>ill</span> <span class='ocrx_word' id='word_1_299' title='bbox 544 2755 630 2813; x_wconf 87' lang='lat' dir='ltr'>during</span> <span class='ocrx_word' id='word_1_300' title='bbox 641 2755 710 2802; x_wconf 89' lang='lat' dir='ltr'>these</span> <span class='ocrx_word' id='word_1_301' title='bbox 722 2756 882 2815; x_wconf 88' lang='lat' dir='ltr'>thirtyyears,</span> <span class='ocrx_word' id='word_1_302' title='bbox 892 2755 936 2802; x_wconf 90' lang='lat' dir='ltr'>but</span> <span class='ocrx_word' id='word_1_303' title='bbox 947 2754 1044 2814; x_wconf 85' lang='lat' dir='ltr'>merely</span> 
     </span>
     <span class='ocr_line' id='line_1_38' title="bbox 107 2813 1042 2920; baseline 0 -60"><span class='ocrx_word' id='word_1_304' title='bbox 107 2814 340 2920; x_wconf 49' lang='grc' dir='ltr'>ζῑὲἒῑοὶἒίῗῃῖἰὲῑίῐοιξέἑε</span> <span class='ocrx_word' id='word_1_305' title='bbox 351 2828 416 2862; x_wconf 85' lang='lat' dir='ltr'>were</span> <span class='ocrx_word' id='word_1_306' title='bbox 427 2813 616 2873; x_wconf 89' lang='lat' dir='ltr'>comparatively</span> <span class='ocrx_word' id='word_1_307' title='bbox 627 2813 712 2874; x_wconf 86' lang='lat' dir='ltr'>slight,</span> <span class='ocrx_word' id='word_1_308' title='bbox 725 2830 753 2862; x_wconf 86' lang='lat' dir='ltr'>so</span> <span class='ocrx_word' id='word_1_309' title='bbox 765 2830 791 2862; x_wconf 87' lang='lat' dir='ltr'>as</span> <span class='ocrx_word' id='word_1_310' title='bbox 802 2824 844 2862; x_wconf 90' lang='lat' dir='ltr'>not</span> <span class='ocrx_word' id='word_1_311' title='bbox 855 2823 881 2861; x_wconf 94' lang='lat' dir='ltr'>to</span> <span class='ocrx_word' id='word_1_312' title='bbox 891 2813 988 2872; x_wconf 89' lang='lat' dir='ltr'>require</span> <span class='ocrx_word' id='word_1_313' title='bbox 999 2813 1042 2860; x_wconf 84' lang='lat' dir='ltr'>the</span> 
     </span>
    </p>
   </div>
   <div class='ocr_carea' id='block_1_9' title="bbox 107 2953 1041 3078">
    <p class='ocr_par' dir='ltr' id='par_1_10' title="bbox 107 2953 1041 3078">
     <span class='ocr_line' id='line_1_39' title="bbox 136 2953 1041 3016; baseline -0.002 -12"><span class='ocrx_word' id='word_1_314' title='bbox 136 2963 144 2987; x_wconf 81' lang='lat'>⁸</span> <span class='ocrx_word' id='word_1_315' title='bbox 159 2957 297 3005; x_wconf 87' lang='lat' dir='ltr'>‘Obtained</span> <span class='ocrx_word' id='word_1_316' title='bbox 310 2956 359 3010; x_wconf 87' lang='lat' dir='ltr'>(fell</span> <span class='ocrx_word' id='word_1_317' title='bbox 376 2957 437 3015; x_wconf 91' lang='lat' dir='ltr'>into)</span> <span class='ocrx_word' id='word_1_318' title='bbox 449 2973 463 3005; x_wconf 92' lang='lat' dir='ltr'>a</span> <span class='ocrx_word' id='word_1_319' title='bbox 473 2957 584 3004; x_wconf 83' lang='lat' dir='ltr'>disease’</span> <span class='ocrx_word' id='word_1_320' title='bbox 617 2957 750 3006; x_wconf 80' lang='lat' dir='ltr'>Nanciscor</span> <span class='ocrx_word' id='word_1_321' title='bbox 760 2958 781 3006; x_wconf 90' lang='lat' dir='ltr'>is</span> <span class='ocrx_word' id='word_1_322' title='bbox 796 2957 875 3016; x_wconf 89' lang='lat' dir='ltr'>rarely</span> <span class='ocrx_word' id='word_1_323' title='bbox 885 2956 946 3003; x_wconf 88' lang='lat' dir='ltr'>used</span> <span class='ocrx_word' id='word_1_324' title='bbox 957 2953 986 3002; x_wconf 87' lang='lat' dir='ltr'>of</span> <span class='ocrx_word' id='word_1_325' title='bbox 998 2955 1041 3003; x_wconf 89' lang='lat' dir='ltr'>ad-</span> 
     </span>
     <span class='ocr_line' id='line_1_40' title="bbox 107 3017 685 3078; baseline -0.003 -14"><span class='ocrx_word' id='word_1_326' title='bbox 107 3031 176 3064; x_wconf 86' lang='lat' dir='ltr'>verse</span> <span class='ocrx_word' id='word_1_327' title='bbox 188 3017 284 3076; x_wconf 80' lang='lat' dir='ltr'>things:</span> <span class='ocrx_word' id='word_1_328' title='bbox 302 3031 414 3076; x_wconf 89' lang='lat' dir='ltr'>compare</span> <span class='ocrx_word' id='word_1_329' title='bbox 425 3017 498 3078; x_wconf 74' lang='lat' dir='ltr'>Ager.</span> <span class='ocrx_word' id='word_1_330' title='bbox 510 3020 533 3070; x_wconf 86' lang='grc'>8,</span> <span class='ocrx_word' id='word_1_331' title='bbox 547 3017 685 3076; x_wconf 86' lang='lat' dir='ltr'>beginning.</span> 
     </span>
    </p>
   </div>
   <div class='ocr_carea' id='block_1_10' title="bbox 107 3101 1042 3333">
    <p class='ocr_par' dir='ltr' id='par_1_11' title="bbox 107 3101 1042 3333">
     <span class='ocr_line' id='line_1_41' title="bbox 136 3101 1039 3161; baseline -0.002 -13"><span class='ocrx_word' id='word_1_332' title='bbox 136 3101 285 3149; x_wconf 73' lang='lat' dir='ltr'>&#39;Tenesmus</span> <span class='ocrx_word' id='word_1_333' title='bbox 301 3117 328 3148; x_wconf 89' lang='lat' dir='ltr'>or</span> <span class='ocrx_word' id='word_1_334' title='bbox 338 3111 451 3149; x_wconf 75' lang='lat' dir='ltr'>tenesmos</span> <span class='ocrx_word' id='word_1_335' title='bbox 464 3101 564 3158; x_wconf 87' lang='lat' dir='ltr'>(Greek,</span> <span class='ocrx_word' id='word_1_336' title='bbox 578 3107 681 3161; x_wconf 80' lang='grc' dir='ltr'><strong><em>τεινεσμὸς</em></strong></span> <span class='ocrx_word' id='word_1_337' title='bbox 696 3119 724 3150; x_wconf 82' lang='grc' dir='ltr'>οι·</span> <span class='ocrx_word' id='word_1_338' title='bbox 739 3108 846 3160; x_wconf 65' lang='lat' dir='ltr'>roverate,</span> <span class='ocrx_word' id='word_1_339' title='bbox 862 3105 889 3149; x_wconf 86' lang='lat' dir='ltr'>‘a</span> <span class='ocrx_word' id='word_1_340' title='bbox 904 3101 1039 3161; x_wconf 84' lang='lat' dir='ltr'>attaining’</span> 
     </span>
     <span class='ocr_line' id='line_1_42' title="bbox 107 3159 1041 3214; baseline 0 -7"><span class='ocrx_word' id='word_1_341' title='bbox 107 3161 135 3207; x_wconf 87' lang='lat' dir='ltr'>of</span> <span class='ocrx_word' id='word_1_342' title='bbox 143 3160 184 3208; x_wconf 89' lang='lat' dir='ltr'>the</span> <span class='ocrx_word' id='word_1_343' title='bbox 196 3161 337 3214; x_wconf 88' lang='lat' dir='ltr'>intestines),</span> <span class='ocrx_word' id='word_1_344' title='bbox 350 3161 370 3207; x_wconf 91' lang='lat' dir='ltr'>is</span> <span class='ocrx_word' id='word_1_345' title='bbox 382 3177 396 3207; x_wconf 90' lang='lat' dir='ltr'>a</span> <span class='ocrx_word' id='word_1_346' title='bbox 407 3162 497 3207; x_wconf 88' lang='lat' dir='ltr'>certain</span> <span class='ocrx_word' id='word_1_347' title='bbox 508 3176 592 3208; x_wconf 83' lang='lat' dir='ltr'>severe</span> <span class='ocrx_word' id='word_1_348' title='bbox 604 3159 702 3208; x_wconf 85' lang='lat' dir='ltr'>formos</span> <span class='ocrx_word' id='word_1_349' title='bbox 710 3161 834 3208; x_wconf 83' lang='lat' dir='ltr'>diarrhoea.</span> <span class='ocrx_word' id='word_1_350' title='bbox 868 3161 923 3207; x_wconf 86' lang='lat' dir='ltr'>The</span> <span class='ocrx_word' id='word_1_351' title='bbox 936 3159 1041 3207; x_wconf 87' lang='lat' dir='ltr'>medical</span> 
     </span>
     <span class='ocr_line' id='line_1_43' title="bbox 108 3218 1042 3278; baseline 0.001 -12"><span class='ocrx_word' id='word_1_352' title='bbox 108 3229 169 3266; x_wconf 88' lang='lat' dir='ltr'>term</span> <span class='ocrx_word' id='word_1_353' title='bbox 181 3229 298 3266; x_wconf 83' lang='lat' dir='ltr'>teneamus</span> <span class='ocrx_word' id='word_1_354' title='bbox 310 3219 395 3266; x_wconf 88' lang='lat' dir='ltr'>should</span> <span class='ocrx_word' id='word_1_355' title='bbox 413 3222 442 3266; x_wconf 87' lang='lat' dir='ltr'>be</span> <span class='ocrx_word' id='word_1_356' title='bbox 458 3219 586 3278; x_wconf 86' lang='lat' dir='ltr'>preserved</span> <span class='ocrx_word' id='word_1_357' title='bbox 598 3219 621 3264; x_wconf 90' lang='lat' dir='ltr'>in</span> <span class='ocrx_word' id='word_1_358' title='bbox 633 3221 782 3268; x_wconf 89' lang='lat' dir='ltr'>translation.</span> <span class='ocrx_word' id='word_1_359' title='bbox 815 3220 854 3267; x_wconf 85' lang='lat' dir='ltr'>As</span> <span class='ocrx_word' id='word_1_360' title='bbox 865 3227 890 3267; x_wconf 88' lang='lat' dir='ltr'>to</span> <span class='ocrx_word' id='word_1_361' title='bbox 901 3219 943 3267; x_wconf 81' lang='lat' dir='ltr'>the</span> <span class='ocrx_word' id='word_1_362' title='bbox 955 3218 1042 3267; x_wconf 81' lang='lat' dir='ltr'>Greek</span> 
     </span>
     <span class='ocr_line' id='line_1_44' title="bbox 107 3278 877 3333; baseline -0.001 -7"><span class='ocrx_word' id='word_1_363' title='bbox 107 3279 245 3326; x_wconf 85' lang='lat' dir='ltr'>accusative</span> <span class='ocrx_word' id='word_1_364' title='bbox 257 3278 281 3324; x_wconf 91' lang='lat' dir='ltr'>in</span> <span class='ocrx_word' id='word_1_365' title='bbox 292 3295 330 3332; x_wconf 85' lang='lat' dir='ltr'>on,</span> <span class='ocrx_word' id='word_1_366' title='bbox 344 3294 385 3325; x_wconf 85' lang='lat' dir='ltr'>see</span> <span class='ocrx_word' id='word_1_367' title='bbox 400 3278 478 3324; x_wconf 84' lang='lat' dir='ltr'>Gram.</span> <span class='ocrx_word' id='word_1_368' title='bbox 492 3279 504 3328; x_wconf 74' lang='lat' dir='ltr'>b</span> <span class='ocrx_word' id='word_1_369' title='bbox 516 3282 554 3333; x_wconf 82' lang='lat'>58,</span> <span class='ocrx_word' id='word_1_370' title='bbox 565 3293 588 3324; x_wconf 94' lang='lat' dir='ltr'>n.</span> <span class='ocrx_word' id='word_1_371' title='bbox 600 3282 621 3326; x_wconf 84' lang='lat'>7.</span> <span class='ocrx_word' id='word_1_372' title='bbox 872 3278 877 3288; x_wconf 86' lang='grc'><strong>’</strong></span> 
     </span>
    </p>
   </div>
   <div class='ocr_carea' id='block_1_11' title="bbox 125 3363 688 3429">
    <p class='ocr_par' dir='ltr' id='par_1_12' title="bbox 125 3363 688 3429">
     <span class='ocr_line' id='line_1_45' title="bbox 125 3363 688 3429; baseline 0.009 -19"><span class='ocrx_word' id='word_1_373' title='bbox 125 3369 145 3393; x_wconf 83' lang='lat'>¹⁰</span> <span class='ocrx_word' id='word_1_374' title='bbox 156 3371 163 3391; x_wconf 82' lang='lat'><strong><em>¹</em></strong></span> <span class='ocrx_word' id='word_1_375' title='bbox 175 3365 249 3414; x_wconf 90' lang='lat' dir='ltr'>Were</span> <span class='ocrx_word' id='word_1_376' title='bbox 262 3366 368 3429; x_wconf 86' lang='lat' dir='ltr'>brought</span> <span class='ocrx_word' id='word_1_377' title='bbox 381 3364 505 3424; x_wconf 71' lang='lat' dir='ltr'>forward&#39;</span> <span class='ocrx_word' id='word_1_378' title='bbox 520 3365 570 3415; x_wconf 81' lang='lat' dir='ltr'>and</span> <span class='ocrx_word' id='word_1_379' title='bbox 582 3363 688 3427; x_wconf 80' lang='lat' dir='ltr'>applied.</span> 
     </span>
    </p>
   </div>
   <div class='ocr_carea' id='block_1_12' title="bbox 0 0 1166 3750">
    <p class='ocr_par' dir='ltr' id='par_1_13' title="bbox 0 0 1166 3750">
     <span class='ocr_line' id='line_1_46' title="bbox 0 0 1166 3750; baseline 0 4"><span class='ocrx_word' id='word_1_380' title='bbox 0 0 1166 3750; x_wconf 95' lang='lat' dir='ltr'> </span> 
     </span>
    </p>
   </div>
  </div>
 </body>
</html>
