2324 3750
110 157 169 219 204
426 169 573 213 coauuurr
594 169 724 212 auectus

110 283 295 346 ostendimus,¹
327 281 405 350 paulo
432 289 493 335 ante
522 298 596 349 opem
626 281 722 332 tulerat
751 281 836 346 (tauta
860 281 973 336 varietas
1002 285 1043 339 his

111 353 266 421 temporibus
290 352 339 403 fuit
361 351 486 411 fortunae,
508 360 537 401 ut
562 351 636 402 modo
662 350 696 410 nt,
721 350 794 401 modo
821 351 859 402 illi
890 353 915 403 in
942 371 1043 408 summo

112 435 198 474 essent
213 430 258 473 aut
270 420 373 487 fastigio
390 429 436 472 aut
454 419 587 486 periculo),
601 419 759 484 habebatque
776 436 865 471 secum
877 421 913 481 Q.
927 422 1042 475 Gellium

112 491 221 551 Canum,
258 489 393 558 aequalem
430 488 641 554 simillimumque
678 487 725 539 sui.
779 487 836 539 Hoc
872 507 973 558 quoque
1009 494 1044 546 sit

112 560 194 610 Attici
218 559 337 610 bonitatis
361 557 517 624 exemplum,
540 557 606 623 quod
636 573 694 608 cum
719 572 758 618 eo,
782 573 858 622 quem
883 576 990 626 puerum
1016 565 1043 615 in

112 627 172 680 ludo
189 634 319 695 cognorat,
338 626 403 678 adeo
420 627 557 692 conjuncte
576 625 647 685 vixit,
667 633 695 677 ut
711 624 743 676 ad
762 634 905 679 extremam
927 639 1042 685 aetatem

111 696 227 748 amicitia
255 712 342 747 eorum
372 695 491 746 creverit.
528 695 656 745 Antonius
685 704 781 755 autem,
806 695 855 746 etsi
886 705 958 749 tanto
986 702 1043 752 odio

112 764 260 818 ferebatur²
277 763 303 815 in
322 763 482 823 Ciceronem,
502 769 596 813 utnon
615 763 695 814 solum
716 763 741 814 ei
759 763 803 814 sed
829 763 908 816 etiam
926 770 1044 821 omnibus

112 835 170 903 ejus
193 832 284 884 amicis
307 840 376 884 esset
401 831 642 898 inimicusseosque
664 831 744 882 vellet
768 832 933 898 proscribere,
955 838 1044 890 multis

112 902 299 962 hortantibus,³
327 909 414 953 tamen
444 899 527 951 Attici
556 916 653 951 memor
681 900 730 952 fuit
758 900 843 961 officii,
868 904 956 967 etei,
983 922 1043 959 cum

112 971 279 1038 requisisset⁴
309 970 411 1022 ubinam
443 976 518 1028 esset,
548 985 601 1018 sua>
625 985 702 1020 manu
733 970 841 1038 scripsit,
872 986 905 1022 ue
938 974 1044 1027 timeret

112 1040 269 1107 statimque⁶
285 1039 317 1091 ad
338 1055 366 1090 se
384 1037 499 1090 veniret:
520 1053 548 1088 se
570 1053 630 1089 eum
651 1044 679 1089 et
699 1039 769 1090 illius
788 1055 867 1091 causa
888 1039 990 1094 Canum
1011 1045 1044 1096 de

114 1110 310 1176 proscriptorum
345 1123 452 1160 numero
481 1105 616 1157 exemisse.
654 1109 702 1167 Ac,
733 1123 766 1159 ne
794 1108 859 1175 quod
899 1111 1043 1175 periculum

114 1177 247 1237 incideret,
263 1176 328 1243 quod
347 1183 424 1226 noctu
443 1174 527 1235 fiebat,
546 1174 700 1240 praesidium
721 1177 746 1228 ei
768 1177 844 1228 misit
881 1177 926 1229 Sic
940 1181 1045 1232 Atticus

114 1245 142 1297 in
177 1262 276 1296 summo
312 1244 402 1297 timore
436 1259 487 1294 nou
521 1243 603 1294 solum
639 1245 686 1296 sibi
716 1245 760 1296 sed
796 1245 874 1298 etiam
904 1247 937 1308 ei,
966 1266 1042 1316 quem

115 1313 276 1366 carissimum
301 1312 418 1374 habebat,
437 1310 562 1378 praesidio
581 1311 635 1364 fuit
672 1313 766 1380 Neque
787 1314 857 1366 enim
877 1332 940 1368 suae
961 1319 1043 1371 solnm

114 1400 130 1434 a
148 1399 273 1450 quoquam
298 1380 423 1433 auxilium
448 1381 522 1448 petiit
544 1381 643 1443 salutis,
661 1382 723 1434 sed⁸
741 1391 770 1434 ut
790 1392 925 1449 appareret
945 1386 1043 1438 nullam

115 1452 258 1519 sejunctam
283 1451 330 1502 sibi
354 1450 386 1500 ab
409 1467 440 1502 eo
463 1449 531 1501 velle
556 1450 690 1502 fortunam.
740 1451 818 1511 Quod
841 1453 864 1503 si
888 1455 1045 1520 gubernator

115 1521 252 1587 praecipua
277 1519 353 1572 laude
376 1519 484 1580 fertur,⁷
504 1518 548 1585 qni
571 1535 663 1571 navem
688 1537 721 1572 ex
744 1519 829 1572 bieme
854 1524 968 1590 marique
991 1541 1064 1576 sco·v

116 1589 204 1656 puloso
224 1595 318 1648 servat,
331 1603 377 1639 cur
397 1605 447 1639 non
468 1587 606 1656 singularis
627 1586 691 1656 ejus'
704 1589 883 1641 existimetur⁸
901 1592 1044 1657 prudentia,

115 1657 160 1725 qui
171 1674 204 1710 ex
217 1665 254 1708 tot
266 1665 370 1723 tamque
382 1656 504 1726 gravibus
516 1656 635 1725 procellis
652 1657 771 1709 civilibus
788 1658 821 1710 ad
840 1658 1044 1713 incolumitatem

134 1726 250 1778 ervenitl

116 1743 132 1793 p
153 1796 194 1847 ll.
214 1794 316 1854 Quibus
334 1810 367 1846 ex
385 1793 460 1846 malis
478 1802 507 1846 ut
524 1810 553 1846 se
570 1793 701 1855 emersit,⁹
718 1794 783 1846 nibil
801 1795 870 1847 aliud
889 1797 952 1864 egit,
968 1813 1045 1864 quam

116 1871 146 1915 ut
170 1863 295 1930 plurimis,
319 1863 410 1930 quibus
433 1863 510 1915 rebus
539 1871 631 1930 posset,
654 1874 724 1915 esset
747 1864 851 1917 auxilio.
899 1865 967 1918 Cum
991 1882 1046 1933 pro·

117 1933 224 1999 scriptos
245 1932 366 1999 praemiis
374 1933 393 1965 ¹⁰
413 1933 594 2000 imperatorum
616 1932 710 2000 vulgus
730 1934 899 2000 conquireret,
921 1950 999 1986 nemo
1020 1934 1046 1986 iu

147 2089 155 2112 ¹
166 2086 250 2132 About
262 2083 303 2132 the
314 2083 404 2132 middle
415 2082 443 2130 of
454 2083 495 2131 tbe
506 2083 635 2145 preceding
646 2085 751 2144 chapter.

127 2193 129 2197 ·
146 2172 204 2219 ’Aa
215 2180 241 2219 to
251 2171 348 2238 theuse
359 2171 469 2231 offeror,
483 2185 594 2230 compara
605 2171 680 2220 Arcto.
693 2176 715 2227 9,
729 2188 752 2232 p.
761 2177 799 2231 71,
814 2189 837 2222 n.
847 2178 870 2224 7.

147 2264 156 2288 ³
169 2257 289 2318 ‘Though
301 2273 373 2317 many
384 2256 483 2305 advised
494 2257 512 2305 it
520 2258 537 2316 ;'
550 2258 656 2318 namely,
670 2259 710 2307 the
722 2261 880 2320 proscription
891 2263 920 2310 of
926 2263 1035 2314 Atticus.

147 2345 269 2392 “When
287 2343 317 2391 he
334 2343 379 2391 bad
397 2343 492 2399 asked,’
510 2344 556 2392 and
579 2346 745 2403 ascertained;
765 2347 802 2396 for
817 2348 882 2396 what
899 2349 920 2398 is
935 2352 1049 2412 properly

119 2403 211 2463 merely
223 2404 264 2451 the
276 2403 428 2459 antecedent,
442 2402 498 2450 here
511 2404 619 2451 includes
632 2404 672 2452 tha
684 2419 840 2464 consequent.

149 2490 219 2538 ⁸Out
234 2488 262 2536 of
274 2505 304 2536 nc
319 2487 376 2535 tabe
392 2498 428 2557 ut,
442 2498 467 2535 to
483 2505 574 2550 govern
588 2493 687 2539 veniret.
721 2492 832 2541 Observa
848 2495 900 2542 that
916 2497 1012 2556 scripsit
1027 2497 1049 2544 is

119 2549 233 2601 followed
244 2547 295 2595 first
306 2550 376 2606 byne
384 2548 444 2596 with
453 2550 493 2596 the
505 2550 665 2608 subjunctive,
677 2550 723 2599 end
734 2551 875 2601 afterwards
886 2555 901 2600 b
925 2554 966 2601 the
978 2570 1047 2603 accu-

120 2610 197 2658 sativa
209 2607 269 2655 with
280 2607 322 2655 the
334 2607 464 2655 infinitiva:
482 2609 524 2655 the
541 2624 626 2672 reason
642 2609 723 2670 being,
737 2610 789 2658 that
806 2611 831 2659 in
842 2612 883 2660 the
903 2629 983 2661 ormer
994 2630 1049 2662 case

121 2669 189 2717 tbere
200 2667 221 2714 is
233 2683 246 2714 a
258 2666 385 2714 command
395 2682 401 2723 ;
419 2667 443 2713 in
455 2666 496 2714 tha
507 2666 586 2723 latter,
600 2683 614 2715 a
624 2677 756 2717 statement
767 2669 796 2717 of
802 2670 858 2719 fact.

149 2755 209 2803 ‘To
224 2757 318 2803 sedwa
334 2755 421 2814 supply
437 2757 471 2802 ita
487 2756 605 2803 auxilium
616 2757 694 2817 pett'r't.
730 2756 851 2806 Construe
868 2758 909 2806 the
925 2758 1051 2819 following

121 2815 201 2863 worda
218 2814 289 2862 thus:
307 2823 333 2862 ut
344 2823 466 2876 appareret
478 2819 545 2868 (eum)
557 2816 616 2862 velle
625 2816 671 2862 sibi
681 2816 905 2876 nallemsortanam
920 2819 1052 2878 adunatum

122 2877 150 2922 ab
166 2892 190 2922 ea
207 2875 286 2927 (emico
301 2875 424 2921 canusima
437 2873 526 2930 Gon0);
545 2873 597 2920 that
614 2873 642 2928 is,
659 2874 725 2921 ‘that
742 2875 759 2922 it
772 2890 823 2922 was
838 2875 935 2924 avident
952 2877 1004 2925 that
1021 2877 1052 2925 be

122 2933 238 3038 (Attipps)
249 2931 343 3013 wished
354 2931 390 2980 sor
401 2931 502 2980 himself
509 2947 541 2979 no
552 2931 631 2992 (good)
642 2931 736 2981 fortune
748 2932 773 2982 in
784 2934 864 2982 wbicb
874 2934 913 2983 his
923 2934 1001 2984 friend
1011 2935 1053 2985 did

123 3000 188 3039 nots
207 3006 255 3038 are.

152 3051 316 3122 'Equivalent
328 3073 353 3112 to
365 3065 467 3125 martur.
501 3065 547 3112 See
558 3063 666 3126 Lyrand.
678 3067 700 3120 4,
713 3079 736 3124 p.
748 3069 786 3122 60,
800 3080 823 3114 n.
834 3068 857 3114 4.

151 3156 160 3181 ⁰
174 3151 225 3199 Cur
235 3155 477 3201 nort-ecietr'metur:
498 3154 579 3202 Gram.
589 3154 603 3206 b
615 3157 674 3211 3493
687 3154 762 3203 Elem.
777 3154 858 3202 Grum.
870 3155 923 3210 348,
936 3157 958 3201 3.

103 3258 107 3267 ·
152 3240 273 3300 ’Emergo
289 3239 309 3307 is
325 3239 449 3299 generally
460 3241 520 3289 used
531 3256 558 3288 as
570 3255 584 3287 a
594 3250 679 3289 neuter
690 3244 758 3298 verb,
771 3241 852 3290 wbilst
864 3259 942 3310 merpe
952 3240 1000 3310 apd
1011 3243 1052 3291 r’at·

119 3317 200 3361 mergo
209 3313 250 3347 ara
261 3307 349 3348 active.
380 3298 502 3348 However
513 3317 538 3349 ae
549 3317 663 3363 emergere
672 3301 731 3350 does
742 3315 822 3360 occur,
835 3315 898 3351 eren
907 3315 937 3361 tu¹
944 3299 1039 3351 thera.

139 3385 220 3437 epo,
225 3397 329 3453 propter
336 3390 467 3455 praemia.-
487 3404 532 3440 aaa
546 3388 832 3450 commanebat.
853 3384 1060 3445 Quum
