2324 3750
418 179 474 224 xv.
496 179 734 224 unanmounns.
983 166 1041 227 129

110 298 200 345 natum
223 290 362 344 relicturus
381 291 423 343 sis.
459 291 553 358 Neque
572 307 632 343 vero
652 291 728 359 stirps
752 298 836 359 potest
858 292 922 345 mihi
942 292 1041 347 deesse.

110 359 231 428 Namque
243 377 277 412 ex
289 377 331 413 me
349 370 437 412 natam
455 360 572 426 relinquo
589 377 702 428 pugnarn
722 360 895 423 Leuctricam,
908 378 974 429 quae
992 379 1043 415 uon

110 429 185 481 modo
197 429 260 481 mihi
271 437 402 496 superstes
414 429 458 480 sed
471 429 550 480 etiam
565 428 716 480 immortalis
727 428 761 480 sit
774 446 880 482 necesse
894 429 951 482 est'
981 431 1043 490 Quo

112 504 235 564 tempore,
254 497 320 549 duce
343 496 474 563 Pelopida,
494 495 585 548 exules
604 496 709 548 Thebas
728 501 904 564 occuparunt,¹
923 507 950 550 et
971 515 1043 567 prae·

111 564 205 616 sidium
230 565 492 618 Lacedaemoniorum
517 582 551 616 ex
574 580 635 616 arce
658 565 822 633 expulerunt,
843 566 1042 633 Epaminondas,

111 633 232 700 quamdiu
249 633 317 685 facta
335 641 375 686 est
392 634 486 684 caedes
504 634 608 694 civium,
619 632 712 685 domo²
726 649 754 685 se
772 635 863 696 tenuit,
876 635 941 702 quod
959 652 1043 703 nequa

112 701 194 754 malos
210 702 350 754 defendere
367 701 469 753 volebat
487 719 570 769 neque
590 703 796 769 impugnarem
815 720 906 755 manus
922 705 1044 756 suoruma

112 769 241 837 sanguine
275 778 433 823 cruentaret.
481 770 603 838 Namque
636 787 738 822 omnem
775 770 879 822 civilem
909 771 1043 825 victorium

112 837 240 890 funestam
253 839 365 905 putabat.
403 837 484 900 Idem,
497 850 630 906 postquam
642 839 709 904 apud
722 837 879 891 Cadmeam*
891 855 949 891 cum
964 840 1044 892 Lace·

112 906 254 958 daemoniis
273 924 359 974 pugna
378 907 470 973 coepit
489 908 514 959 in
534 907 622 974 primis
638 907 730 958 stetit⁵
765 907 853 975 Hujus
863 908 895 959 de
910 908 1044 961 virtutibus

113 975 217 1041 vitaque
229 976 293 1027 satis
305 976 355 1026 erit
366 975 472 1036 dietum,
485 975 506 1026 si
525 976 572 1026 hoc
591 991 670 1026 unum
684 976 833 1043 adjunxero,
845 976 910 1042 quod
929 993 1006 1028 nemo
1024 977 1044 1029 it

114 1043 227 1101 infitias,⁶
239 1043 344 1095 Thebas
362 1052 389 1095 et
405 1052 467 1095 ante
485 1038 688 1112 Epaminondam
707 1052 795 1095 natum
811 1051 839 1096 et
855 1052 911 1111 post
928 1045 1043 1114 ejusdem
1125 1086 1128 1090 ,

114 1111 246 1163 interitum
266 1122 390 1178 perpetuo
402 1111 487 1164 alieno
500 1111 614 1178 paruisse
627 1111 749 1178 imperim
768 1120 858 1165 contra
870 1130 910 1174 ea,
922 1114 1044 1181 quamdiu

114 1179 159 1231 ille
172 1179 311 1246 praefuerit
323 1180 487 1246 reipublicae,
500 1188 578 1246 caput
591 1180 669 1231 fuisse
682 1181 760 1232 totius
771 1180 906 1233 Graeciae.
943 1181 984 1233 Ex
995 1199 1045 1248 quo

113 1248 228 1316 intelligi
241 1256 331 1316 potest,
344 1265 424 1300 unum
438 1249 565 1300 hominem
578 1249 658 1315 pluris
669 1266 746 1316 quam
759 1250 891 1302 civitatem
905 1251 992 1303 fuisse.

144 1425 211 1472 ¹See
221 1425 303 1486 Pelop.
315 1429 337 1480 2,
351 1425 406 1480 end,
419 1423 466 1471 and
477 1423 602 1484 following
614 1424 720 1482 chapter.

142 1502 153 1526 ⁹
165 1498 215 1544 ‘At
227 1497 318 1554 home*
329 1498 367 1544 ‘in
379 1497 417 1544 his
428 1497 521 1544 house!
540 1495 610 1544 Domi
620 1497 711 1551 (Grani.
720 1497 733 1548 t
742 1500 794 1552 268,
804 1512 829 1544 n.
837 1500 866 1552 33
879 1496 954 1545 Elem.
963 1497 1044 1547 Grani.

113 1558 152 1610 49.
163 1556 218 1608 end)
230 1557 250 1603 is
262 1557 303 1603 tha
314 1556 409 1616 regular
420 1557 491 1603 mode
504 1555 532 1602 of
539 1556 686 1612 expression.
719 1555 774 1602 Tha
786 1554 890 1603 ablativa
902 1554 962 1611 also,
976 1556 1043 1604 how·

114 1628 180 1720 ἓνῖ,
194 1630 279 1663 occurs
289 1615 438 1679 sometimes,
453 1616 494 1662 but
504 1628 562 1673 very
572 1613 657 1673 rarely.
684 1613 805 1672 Compare
815 1613 924 1675 Lysand.
935 1618 957 1671 3,
970 1629 993 1674 p.
1005 1619 1043 1672 ⁵2,

144 1751 154 1776 ⁸
165 1747 190 1794 N
192 1747 281 1806 amely,
294 1748 387 1802 civium,
399 1750 406 1773 ‘
417 1745 445 1794 of
457 1745 495 1793 his
506 1745 720 1800 {allow-citizens)
734 1760 760 1792 as
772 1743 813 1792 tha
824 1752 922 1792 context
933 1745 1023 1794 shows.

144 1820 219 1867 ‘The
229 1819 338 1867 Cadmea
346 1834 397 1866 was
409 1819 450 1865 the
461 1818 549 1865 citadel
560 1818 588 1865 os
595 1818 705 1874 Thebes,
715 1833 744 1865 so
755 1816 841 1864 named
853 1816 914 1864 from
924 1816 1043 1876 Cadmus,

115 1893 131 1926 a
141 1878 278 1926 celebrated
297 1877 444 1925 Phoenician
459 1877 527 1932 hero,
541 1878 597 1924 who
608 1877 628 1926 is
640 1877 692 1924 said
705 1879 737 1936 by
749 1876 862 1924 tradition
872 1885 898 1923 to
909 1876 970 1924 have
982 1878 1046 1926 been

115 1937 158 1985 tha
169 1936 271 1985 founder
281 1935 309 1984 os
321 1936 362 1984 the
374 1937 432 1996 city.
743 1966 745 1970 »

146 2017 155 2040 ⁸
166 2008 255 2056 ‘Stood
267 2003 407 2128 amonggtgrta
419 2009 485 2056 first’
499 2008 551 2056 that
562 2009 592 2066 is,
602 2024 654 2057 was
666 2008 689 2056 in
700 2007 741 2056 the
752 2007 804 2055 first
816 2006 885 2064 rank,
898 2007 923 2056 iu
934 2007 975 2056 the
986 2023 1046 2069 very

144 2139 260 2200 ‘Infitias
272 2158 296 2188 eo
307 2140 327 2188 is
338 2156 352 2188 a
363 2139 469 2199 peculiar
479 2140 574 2199 phrase,
588 2139 701 2198 meaning
712 2138 738 2186 ‘l
749 2138 830 2200 deuy!
858 2137 914 2188 The
925 2139 1046 2200 deponent

116 2199 175 2248 verb
186 2199 286 2261 infitior,
299 2199 324 2247 in
335 2200 376 2248 the
387 2215 454 2249 saruc
465 2215 546 2257 sense,
560 2199 581 2247 is
591 2198 643 2247 also
654 2198 679 2246 in
690 2213 742 2246 nee.

116 2066 232 2116 loramost
243 2067 271 2115 of
283 2068 325 2115 the
