2310 3764
121 153 182 214 214
437 169 584 215 cosanum
604 172 735 216 uarorrs

121 298 198 350 quom
216 281 297 334 vellet
313 281 402 335 Attico
420 281 556 345 frueretur,
572 283 661 335 nullus
678 281 734 335 dies
751 288 851 335 temere
875 283 1049 348 intercessit¹

121 366 171 418 quo
191 367 241 403 non
262 350 294 402 ad
315 367 374 403 eum
395 352 525 413 scriberet,
544 369 603 404 cum
625 352 698 404 modo
724 351 820 418 aliquid
841 352 873 406 de
895 352 1050 420 antiquitate

121 420 153 470 ab
183 436 214 471 eo
243 419 392 487 requireret,
417 420 491 471 modo
519 420 631 488 aliquam
659 422 835 486 quaestionem
864 421 992 488 poeticam
1024 424 1049 474 ei

121 495 280 554 proponeret,
293 488 420 540 interdurn
436 488 527 556 jocans
545 491 601 557 ojus
620 489 776 541 verbosiores
793 489 901 542 eliceret
918 490 1048 556 epistolas.

120 555 162 606 Ex
185 573 235 623 quo
257 556 360 618 accidit,
381 573 441 609 curn
465 557 556 608 aedts⁹
577 557 649 609 Jovis
672 556 783 609 Feretrii
807 557 833 608 in
857 557 992 625 Capitolio,
1016 560 1050 610 ab

120 623 231 676 Romulo
254 625 400 686 constituta,
426 632 554 677 vetustate
584 634 661 692 atque
691 625 790 677 incuria
812 626 944 687 detecta,⁸
967 627 1049 694 prola-

120 692 232 754 beretur,
250 702 279 745 ut
297 693 380 745 Attici
400 693 532 745 admonitu
552 692 650 745 Caesar
670 710 727 745 eam
750 693 915 746 reficiendam
935 704 1048 747 curaret

120 759 214 828 Neque
238 778 299 814 vero
320 778 336 812 a
361 761 398 813 M.
420 761 533 813 Antonio
561 762 646 813 minus
674 763 765 814 absens
795 762 888 816 litteris
908 762 1048 826 colebatur,

120 829 185 882 adeo
197 838 226 882 ut
238 838 360 882 accurate
379 831 423 882 ille
441 846 475 882 ex
494 829 591 882 ultimis
609 831 702 891 terris,⁴
713 829 773 897 quid
791 840 890 898 ageret,
903 847 981 883 curae
999 832 1049 883 sibi

119 896 226 954 haberet
249 898 386 951 certiorem
409 899 494 950 facere
515 901 640 951 Atticum.
686 899 743 950 Hoc
766 900 861 966 quale⁵
881 900 924 960 sit,
945 899 1049 952 facilius

119 966 278 1018 existimabit
290 967 319 1029 is,
331 969 374 1034 qui
384 967 502 1035 judicare
515 969 614 1034 poterit,
626 976 738 1034 quantae
750 967 784 1019 sit
795 969 945 1035 sapientiae,
958 979 1047 1020 eorum

120 1035 232 1087 retinere
245 1036 335 1088 usum⁸
347 1035 610 1107 benevolentiamque,
624 1037 691 1087 inter
702 1053 764 1102 qnos
776 1037 946 1089 maximarum
956 1052 1046 1088 rerum

118 1119 169 1154 non
182 1103 264 1170 solum
275 1104 415 1157 aemulatio
427 1103 472 1156 sed
483 1105 634 1156 obtrectatio
646 1113 718 1156 tanta
731 1104 913 1165 intercedebat,
922 1113 1046 1171 quautam

118 1170 168 1223 fuit
186 1171 300 1224 incidere
318 1189 424 1224 necesse
443 1173 511 1224 inter
528 1171 668 1224 Caesarem
686 1180 764 1239 atque
778 1175 926 1235 Antonium,
939 1189 998 1225 cum
1018 1189 1047 1226 se

119 1248 226 1307 uterque
244 1241 386 1308 principem
403 1257 453 1292 non
472 1240 554 1292 solum
573 1241 641 1292 urbis
658 1241 757 1292 Romae
774 1241 817 1293 sed
836 1242 903 1294 orbis
920 1248 1047 1294 terrorum

117 1316 299 1374 essecuperet.

151 1378 194 1429 21.
213 1377 275 1428 Tali
288 1377 361 1428 modo
378 1393 438 1429 curn
455 1383 554 1444 septem
567 1384 594 1429 et
605 1376 769 1445 septuaginta
787 1394 868 1430 annos
883 1377 1045 1444 complesset,

116 1453 194 1513 atque
216 1446 247 1497 ad
273 1454 416 1499 extremam
439 1453 599 1498 senectutem
630 1463 679 1498 non
710 1446 795 1497 minus
817 1446 945 1514 dignitate
967 1463 1045 1512 quam

116 1515 201 1582 gratia
225 1514 376 1581 fortunaque
405 1514 529 1566 crevisset
554 1515 661 1584 (multas
689 1514 758 1566 enirn
789 1515 945 1567 hereditates
973 1514 1046 1567 nulla

115 1583 167 1635 alia
192 1600 317 1650 requam
342 1583 455 1636 bonitate
479 1591 632 1634 consecutus
652 1587 711 1648 est),
730 1589 853 1650 motaque
876 1583 1046 1651 prosperitate

115 1668 178 1703 usus
198 1660 266 1704 esset
286 1651 448 1713 valetudinis,
470 1659 500 1702 ut
521 1652 612 1702 aunis⁷
633 1651 739 1719 triginta
761 1651 889 1704 medicina
910 1668 960 1703 non
980 1651 1046 1703 indi·

114 1721 221 1788 guisset,
244 1727 336 1773 nactus
359 1728 399 1772 est
422 1719 556 1780 morbum,⁸
576 1736 651 1785 quem
676 1719 748 1772 initio
771 1728 799 1772 et
822 1720 876 1786 ipse
899 1726 927 1771 et
949 1719 1046 1771 medici

114 1797 330 1857 contempserunt
373 1787 442 1840 Nam
466 1796 589 1856 putarunt
612 1804 669 1839 esse
692 1789 844 1850 tenesmon,⁹
864 1788 908 1840 cui
929 1787 1045 1843 remedia

113 1857 211 1909 celeria
232 1857 371 1924 faciliaque
395 1858 627 1925 proponebantur.¹⁰
661 1856 691 1908 ln
716 1857 763 1908 hoc
784 1873 843 1909 cum
864 1864 918 1909 tres
941 1872 1045 1909 meuses

141 2000 149 2023 ¹
163 1995 222 2042 ‘No
237 1995 285 2054 day
295 1994 387 2054 readily
398 1994 486 2053 passed
493 1994 589 2041 ¹-that
605 1994 635 2049 is,
657 1993 778 2051 ‘scarcely
789 2008 804 2038 a
818 1992 866 2052 day
876 1991 980 2053 passed.¹
1013 1992 1045 2040 In

111 2054 224 2113 negative
235 2062 363 2101 sentences
373 2063 456 2101 teraere
466 2053 510 2100 has
521 2053 587 2100 often
598 2052 639 2100 the
651 2052 715 2100 force
727 2050 842 2111 offacile.

140 2140 216 2187 'The
232 2140 387 2195 nominative,
401 2141 503 2187 another
512 2139 573 2187 form
585 2138 621 2186 for
630 2142 706 2186 aedas.
738 2140 793 2186 The
804 2138 895 2197 temple
907 2137 935 2184 of
947 2128 1044 2196 Jupiter

111 2198 233 2246 Feretrius
248 2199 297 2253 (the
313 2199 391 2258 origin
401 2199 429 2246 of
441 2198 482 2246 the
499 2198 571 2245 latter
587 2213 656 2245 name
674 2199 695 2245 is
712 2198 853 2253 uncertain),
867 2212 898 2244 on
914 2196 956 2243 the
969 2195 1041 2254 Capi·

111 2258 186 2305 toline
198 2257 258 2312 Hill,
272 2273 323 2304 was
334 2257 439 2305 founded
447 2259 480 2317 by
493 2257 612 2304 Romulus
622 2256 683 2304 after
693 2271 739 2304 one
750 2257 778 2304 of
790 2257 828 2304 his
838 2255 959 2303 victorias.

139 2348 149 2372 ³
161 2342 339 2398 ‘Uncovered,’
355 2342 439 2390 ‘made
451 2341 568 2389 rootless!

138 2428 276 2488 tNamely,
295 2428 386 2495 Egypt,
404 2443 432 2475 or
446 2427 488 2475 the
504 2427 564 2475 East
580 2427 713 2488 generally,
726 2426 808 2475 which
819 2426 922 2487 Antony
932 2425 981 2475 had
996 2426 1040 2476 ob·

110 2487 191 2536 tained
205 2503 231 2534 as
246 2486 284 2533 his
295 2487 427 2534 domrnron:

139 2558 224 2606 ⁸That
238 2558 268 2614 is,
281 2559 337 2606 how
348 2557 459 2606 difficult.

137 2637 146 2661 ⁸
160 2630 314 2691 ‘Intimacy,'
327 2646 354 2678 as
365 2630 439 2678 often.

138 2707 147 2732 ¹
158 2702 207 2751 For
216 2721 292 2751 aanor
303 2721 312 2750 .·
333 2703 413 2750 Grom.
424 2703 437 2754 t
449 2705 501 2759 256,
510 2718 533 2749 n.
545 2706 565 2751 1.
598 2702 707 2760 Nepos’s
719 2711 851 2751 statement
862 2705 920 2750 here
929 2702 988 2750 does
999 2709 1042 2750 uot

108 2778 180 2811 mean
192 2763 243 2809 thot
254 2763 352 2810 Atticus
364 2777 437 2809 never
446 2777 496 2809 was
507 2761 533 2809 ill
545 2761 631 2821 during
641 2762 711 2808 these
722 2763 797 2822 thirty
805 2777 883 2821 years,
893 2763 936 2808 but
948 2761 1042 2820 merely

108 2821 341 2928 qqutolpiqlaeiqqqppqs
352 2836 416 2868 were
428 2820 617 2880 comparatively
628 2820 713 2881 slight,
726 2837 754 2869 so
765 2837 792 2869 as
803 2830 844 2868 not
856 2831 881 2868 to
892 2820 988 2879 require
999 2819 1041 2867 the

137 2971 145 2994 ⁸
160 2965 299 3013 ‘Obtoined
311 2964 360 3019 (fell
376 2965 438 3022 into)
450 2980 464 3012 a
474 2964 585 3012 diseusa’
618 2965 750 3013 Noneisror
760 2965 781 3013 is
797 2964 875 3023 rarely
887 2963 947 3011 used
958 2961 986 3010 of
998 2961 1040 3010 ad·

108 3039 177 3072 verse
189 3024 285 3084 things:
303 3039 414 3083 compare
425 3025 498 3085 Ager.
511 3027 533 3078 Β,
547 3024 685 3084 beginning.

137 3109 285 3157 ’Tenesmas
302 3125 328 3156 or
339 3119 451 3157 tenesmos
464 3109 565 3164 (Greek,
579 3115 682 3168 τεινεσμὸς
697 3125 724 3157 or
739 3115 846 3168 τηνεσμδς,
862 3113 890 3157 ‘a
904 3108 1039 3169 strainiug'

108 3168 137 3216 of
144 3170 184 3216 the
197 3169 338 3222 intestines),
350 3169 370 3215 is
382 3185 396 3215 a
407 3170 497 3214 certain
509 3183 593 3216 severe
605 3167 664 3214 form
676 3169 703 3216 of
710 3169 834 3216 diarrhoea.
868 3168 923 3216 The
937 3166 1040 3215 medical

108 3237 170 3274 term
182 3237 298 3293 teneamus
310 3227 397 3273 should
413 3230 443 3273 be
458 3227 587 3285 preserved
598 3227 622 3273 in
634 3227 783 3275 translation.
815 3228 854 3276 As
865 3237 890 3275 to
901 3227 943 3274 the
956 3226 1042 3275 Greek

108 3287 245 3333 accusative
257 3301 281 3331 rn
292 3303 331 3339 on,
345 3302 385 3332 see
400 3286 479 3333 Graia.
492 3287 505 3336 b
517 3290 554 3341 58,
565 3301 588 3332 n.
601 3290 621 3334 7.
873 3287 877 3295 '

137 3377 155 3402 ²⁰
166 3379 172 3398 ⁴
182 3373 256 3421 Were
268 3372 372 3432 brought
383 3371 505 3428 forword,’
519 3373 566 3421 and
579 3373 684 3433 applied.
