2324 3750
106 190 165 252 164
432 205 579 250 connum
599 205 729 251 narona

107 316 261 386 conquisivit
278 333 341 385 quos
357 319 447 384 potuit,
465 318 574 385 primum
594 317 713 383 Siculos;
737 318 797 374 dein
815 317 940 371 Corintho
956 334 1043 375 ames·

107 387 168 439 sivit
191 387 300 446 colonos,
321 387 387 453 quod
410 389 443 439 ab
466 387 521 438 his¹
547 387 620 438 initio
644 388 790 455 Syracusae
814 395 889 440 erant
912 388 1040 443 conditae.

109 455 216 508 Civibus
239 455 368 507 veteribus
390 472 438 508 sua
461 456 581 516 restituit,
607 457 679 508 novis
704 457 771 510 bello
794 456 963 510 vacuefactas
987 475 1042 524 pos·

108 524 236 576 sessiones
258 523 361 585 divisit;
391 525 492 576 urbium
516 525 617 576 moenia
640 525 749 596 disjecta
778 526 889 592 fanaque
918 526 1043 580 deserta¹

109 593 215 655 refecit3
243 592 390 645 civitatibus
410 593 484 661 leges
503 593 700 660 libertatemque
720 594 845 656 reddidit;
871 609 906 645 ex
927 596 1043 648 maximo

109 661 177 714 bello
196 670 297 714 tantum
315 661 395 714 otium
415 663 502 714 totae³
523 661 623 714 insulae
642 663 798 723 conciliavit,
818 671 847 715 ut
864 662 907 714 hic
924 663 1041 716 conditor

110 730 211 784 urbium
234 747 332 793 earum,
356 747 406 797 non
437 729 476 782 illi
507 731 550 798 qui
578 729 653 784 initio
680 732 870 793 deduxerant,⁴
900 731 1040 784 videretur.

110 802 207 852 Arcem
228 799 372 868 Syracusis,
392 816 468 866 quam
490 799 619 851 munierat
638 800 798 868 Dionysius⁶
816 799 848 852 ad
869 801 960 852 urbem
977 801 1044 853 obsi:

110 868 228 929 dandam,
246 886 263 920 a
282 868 455 921 fundamentis
477 868 594 936 disjecit;
619 878 708 927 cetera
731 868 874 937 tyrannidis
897 885 1042 937 propugna-
1079 868 1082 872 ’

110 937 170 989 cula
190 937 326 989 demolitus
348 944 395 1000 est,
416 937 537 1004 deditque
556 953 668 1006 operam,
691 946 814 1005 utquam
834 936 940 989 minime
960 938 1043 990 mults

111 1005 221 1074 vestigia
249 1006 382 1058 servitutis
409 1016 553 1059 manerent.
607 1005 673 1059 Cum
697 1008 778 1059 tantis
800 1014 870 1059 esset
892 1006 989 1073 opibus,
1014 1015 1044 1059 ut

110 1075 189 1127 etiam
212 1075 299 1126 invitis
319 1076 445 1141 imperare
465 1083 564 1142 posset,v
577 1081 677 1127 tantum
695 1084 783 1129 autem
801 1091 914 1127 amorem
935 1076 1063 1128 haberet·

111 1143 225 1196 omnium
257 1143 411 1204 Siculorum,
441 1153 470 1196 ut
498 1144 570 1196 nullo
598 1155 736 1197 recusante
764 1161 874 1212 regnum
903 1144 1042 1208 obtinere‚⁸

111 1211 203 1264 maluit
226 1229 255 1263 se
278 1211 351 1279 diligi
374 1229 450 1279 quam
476 1213 564 1264 metui.
609 1212 707 1280 ltaque,
731 1230 791 1266 curn
814 1213 924 1280 primum
950 1216 1041 1280 potuit,

111 1279 248 1346 imperinm
280 1280 404 1347 deposuit,
434 1299 465 1333 ac
499 1282 615 1348 privatus
645 1282 788 1349 Syracusis,
818 1281 883 1348 quod
913 1283 1041 1350 reliquum

112 1349 181 1400 vitae
201 1349 256 1409 fnit,
277 1348 349 1401 vixit
390 1349 483 1417 Neque
504 1350 606 1401 veroid
626 1351 744 1416 imperite
764 1350 833 1402 fecit.
879 1349 957 1412 Nam,
975 1352 1042 1417 quod

111 1417 192 1469 ceteri
223 1419 320 1486 reges⁷
349 1418 456 1485 imperio
485 1427 629 1485 potuerunt,
665 1420 708 1471 hic
739 1418 919 1472 benevolentia
949 1421 1040 1472 tenuit

111 1486 209 1538 Nullus
238 1487 316 1538 honos
345 1488 405 1540 huic
428 1488 518 1550 defuit,
543 1504 627 1556 neque
650 1499 738 1554 postea
761 1505 803 1540 res
827 1487 880 1540 ulla
904 1487 1043 1554 Syracusis

111 1565 186 1624 gesta
203 1563 243 1609 est
260 1557 368 1623 publice,
387 1557 419 1609 de
437 1575 486 1623 qna
506 1558 575 1624 prius
592 1557 626 1609 sit
636 1558 769 1609 decretum
781 1574 858 1624 quam
870 1556 1042 1609 Timoleontis

111 1626 240 1676 sententia
265 1625 377 1693 cognita.
436 1625 544 1678 Nullius
568 1642 680 1693 unquam
705 1625 840 1678 consilinm
869 1641 920 1676 non
950 1627 1042 1679 m0do⁸

110 1693 253 1745 antelatum
272 1695 316 1745 sed
337 1711 369 1745 ne
389 1703 563 1762 comparatum
582 1695 684 1762 quidem
706 1701 753 1746 est
796 1694 891 1762 Neque
910 1693 934 1746 id
956 1695 1042 1764 magis

111 1762 292 1815 benevolentia
311 1763 406 1816 facturn
426 1777 472 1821 est.
490 1781 566 1831 quam
585 1763 746 1830 prudentia.⁹

144 1832 168 1883 4.
198 1831 250 1883 Hic
275 1849 334 1883 cum
358 1841 445 1885 aetate
465 1833 520 1901 jam
544 1842 680 1899 provectus
704 1839 780 1893 esset,
801 1831 858 1883 sine
880 1831 933 1883 ullo
953 1833 1043 1885 morbo

110 1897 209 1952 lumina
227 1900 359 1952 oculorum
369 1904 386 1935 ¹⁰
406 1902 500 1953 amisit
545 1901 634 1961 Quam
655 1900 829 1952 calamitatem
852 1901 888 1952 ita
909 1901 1041 1954 moderate
1100 1919 1103 1923 ¹

110 1969 179 2028 tulit,
201 1976 229 2019 ut
250 1985 333 2036 neque
355 1987 414 2022 enm
435 1979 585 2037 querentem
606 1971 740 2037 quisquam
761 1969 879 2031 audierit,
901 1986 986 2037 neque
1009 1987 1041 2022 eo

109 2037 195 2088 minus
207 2037 321 2104 privatus
333 2039 491 2106 publicisque
503 2041 579 2092 rebus
591 2038 744 2091 interfuerit.
779 2036 933 2090 Veniebat¹¹
952 2045 1042 2092 autem

106 2195 224 2313 saziffhgt
232 2211 264 2298 qs),
281 2195 419 2302 gergethius,
433 2197 513 2245 which
524 2212 562 2245 we
579 2196 635 2244 take
651 2206 694 2244 out
709 2195 738 2244 of
750 2195 868 2245 Carimlo.
900 2196 948 2245 See
961 2195 1037 2246 Prae·

138 2325 285 2384 'Properly‚
302 2325 448 2382 'deserted‚'
462 2326 509 2375 and
520 2328 596 2375 hence
610 2327 708 2388 ‘falling
719 2328 769 2374 into
780 2327 865 2375 ruins!

138 2397 206 2443 'For
217 2400 271 2443 toti:
294 2397 373 2445 Gram.
387 2401 399 2460 q
411 2403 448 2455 58,
462 2414 484 2447 n.
495 2403 521 2457 33
539 2399 614 2448 Eleu.
628 2401 705 2448 utram.
717 2403 755 2457 39,
765 2399 819 2448 end.
852 2399 975 2460 Compare
985 2400 1040 2449 En·

109 2471 195 2510 menes,
210 2459 231 2511 1,
245 2471 267 2514 ρ.
281 2459 332 2512 145,
346 2471 369 2503 n.
381 2461 402 2504 a.

138 2536 147 2558 ⁴
158 2530 240 2578 Those
252 2531 321 2578 cities
331 2547 395 2579 were
407 2531 521 2588 colonias,
533 2533 579 2581 and
590 2537 702 2583 coloniam
710 2537 822 2584 deducere
832 2535 852 2583 is
863 2534 905 2583 the
916 2534 1041 2585 technical

108 2591 249 2649 expression
260 2589 298 2638 sor
310 2597 349 2638 ‘to
361 2591 433 2640 settle
444 2609 459 2640 a
469 2593 572 2652 colony.’

138 2664 212 2711 ’The
225 2663 307 2712 Elder.
339 2665 380 2712 Ad
390 2668 467 2713 urbem
477 2668 633 2722 obsidendum,
654 2671 693 2714 ‘to
708 2682 819 2714 overawe
835 2666 876 2714 the
888 2666 955 2726 city.¹
989 2667 1040 2715 See

108 2721 190 2784 Pelnp.
203 2725 225 2776 3,
237 2739 259 2781 p.
273 2727 323 2777 133,
337 2739 360 2772 n.
374 2729 393 2771 l.
427 2725 513 2782 Nepos
525 2725 545 2772 is
556 2740 640 2785 wrong
650 2726 674 2772 in
686 2726 782 2785 placing
792 2726 834 2773 the
845 2725 994 2773 destruction
1008 2726 1037 2774 ol'

109 2783 151 2830 the
163 2783 251 2830 eitadel
263 2783 309 2830 und
321 2782 361 2830 the
373 2783 530 2830 colonisution
538 2783 566 2831 of
573 2784 614 2830 the
624 2784 741 2843 cityafter
750 2784 791 2832 the
800 2799 861 2832 wars
870 2783 929 2831 with
939 2784 1041 2832 Hicetas

109 2841 154 2889 and
173 2842 213 2888 the
227 2841 421 2902 Carthaginiens.
455 2843 527 2901 They
540 2858 603 2890 were
619 2858 708 2911 among
719 2844 765 2911 'the
777 2859 834 2901 very
845 2842 898 2890 first
914 2842 966 2889 thiu
1014 2853 1042 2891 to

108 2900 189 3006 {ruhioh
202 2900 333 2949 Timoleon
344 2901 438 2961 applied
450 2901 551 2949 himself
563 2900 624 2949 after
633 2904 758 2962 obtaining
773 2902 913 2961 possession
922 2901 951 2950 of
983 2917 1039 2962 yra-

140 2974 174 3005 se.

137 3022 147 3047 ⁸
159 3016 253 3075 Repeat
262 3029 348 3080 passa.

138 3093 146 3117 ⁷
159 3089 214 3136 ‘As
225 3089 313 3148 kiugs.¹
346 3091 512 3140 Benevolentiu
523 3092 551 3140 of
558 3093 599 3140 the
610 3092 696 3153 people
706 3092 813 3141 towards
824 3093 883 3142 bim.

138 3159 244 3208 ’Before
260 3165 437 3222 rae-quidem,
451 3180 499 3212 noa
509 3167 573 3213 mado
588 3164 608 3212 is
624 3165 678 3212 best
694 3163 811 3213 rendered
823 3166 855 3224 by
869 3169 925 3212 ‘not
936 3171 962 3212 to
973 3164 1039 3225 say‚’

109 3235 136 3268 or
150 3220 175 3268 ‘I
187 3219 250 3267 shall
260 3229 302 3266 not
313 3221 374 3279 say!

137 3291 332 3346 ’Benevolentim
344 3295 442 3355 populi.-
459 3298 597 3356 perdentia,
613 3295 773 3345 Timoleontis.

130 3365 180 3412 ¹⁰A
192 3364 332 3414 somewhat
342 3366 452 3427 poeticsl
462 3368 610 3429 periphrasis
618 3368 656 3417 lor
665 3371 753 3423 malos,
764 3368 817 3416 ‘his
826 3382 896 3426 cteta
907 3364 1039 3427 0t⁶³isshl³

119 3442 136 3464 ¹¹
150 3437 205 3487 ‘Hc
218 3439 281 3491 used
295 3450 320 3493 to
328 3441 384 3506 gc)
420 3442 506 3494 Graan.
520 3446 608 3509 {3353
628 3441 704 3492 Eleu.
715 3441 862 3489 oramate.
