2324 3750
419 592 504 692 riv.
540 592 745 661 uirium.

147 1008 171 1062 1.
201 1006 292 1061 Vurrro
315 1023 385 1060 nunc
408 1005 441 1059 ed
465 1007 632 1061 fortissimum
655 1008 739 1061 virum
763 1009 924 1076 maximique
946 1011 1048 1065 consilii

112 1076 227 1130 omnium
245 1077 416 1137 barbarorum,
429 1077 546 1144 exceptis
557 1077 654 1130 duobus
666 1077 934 1146 Carthaginiensibus.
946 1079 1047 1134 Hamil·

112 1162 173 1198 care
196 1154 224 1198 et
247 1145 421 1197 Hannibale¹
469 1145 510 1198 De
534 1162 584 1213 quo
607 1146 655 1198 lroc
678 1147 752 1214 plura
771 1146 912 1208 feremus,²
935 1149 1002 1217 quod
1021 1159 1048 1204 et

111 1215 257 1268 obscuriora
280 1223 341 1267 sunt
364 1215 421 1283 ejus
444 1223 519 1284 gesta
540 1211 669 1283 pleraque,
691 1224 718 1267 et
741 1233 780 1278 ea,
800 1233 868 1282 quse
884 1233 1006 1286 prospere
1022 1219 1048 1271 ei

112 1292 253 1345 cesserunt¹
278 1300 329 1336 non
354 1284 533 1353 magnitudine
556 1285 688 1352 copiarum
712 1285 757 1338 sed
782 1285 892 1348 consilii,
918 1302 969 1354 quo
993 1294 1047 1340 tum

111 1369 201 1405 omnes
229 1354 374 1421 superabat,
403 1353 569 1416 acciderunt3
599 1371 707 1421 quorum
731 1353 781 1407 nisi
804 1355 888 1407 ratior
916 1355 1047 1424 explicata

111 1421 198 1483 fuerit,
216 1439 258 1475 res
275 1439 399 1491 apparere
416 1440 468 1476 non
485 1431 615 1491 poterunt.

146 1559 280 1624 Datames,
304 1569 377 1630 patre
397 1561 540 1623 Camisare,
561 1562 666 1614 natione
685 1561 780 1622 Care,⁴
802 1569 886 1616 matre
911 1563 1047 1632 Scythissa

110 1638 195 1693 nutus,
226 1632 353 1699 primum⁶
383 1631 409 1683 in
439 1631 550 1684 militum
580 1648 688 1684 numero
717 1632 766 1684 fuit
789 1633 856 1700 apud
881 1636 1047 1688 Artaxerxen

111 1716 208 1763 eorum,
220 1701 264 1768 qui
282 1701 382 1769 regiam
400 1700 563 1752 tuebantur.⁶
599 1700 679 1752 Pater
696 1701 753 1769 ejus
765 1701 922 1764 Camisares,
935 1703 1002 1770 quod
1020 1711 1048 1756 st

111 1785 189 1822 manu
208 1769 279 1822 fortis
297 1779 325 1822 et
342 1769 409 1822 bello
426 1771 563 1822 strenuns⁷
580 1777 608 1821 et
625 1769 682 1838 regi
701 1769 789 1822 multis
806 1769 870 1823 locis
888 1771 973 1823 fidelis
991 1781 1049 1826 erat

110 1847 236 1905 repertus,
261 1838 349 1891 habuit
373 1838 530 1906 provinciam
555 1847 654 1908 partem
678 1839 789 1892 Ciliciae
813 1841 890 1908 juxta
914 1839 1048 1909 Cappado-

111 1905 186 1968 ciam,
210 1925 288 1974 quam
312 1907 429 1961 incolunt
454 1907 604 1977 Leucosyri.
642 1907 775 1969 Datames,
800 1909 914 1962 militare
938 1911 1049 1962 munus⁸

111 1974 231 2044 fungens,
251 1977 361 2044 primum
379 1977 463 2045 qualis
480 1987 550 2029 esset
567 1977 669 2045 aperuit
686 1977 712 2029 in
730 1977 798 2030 bello
815 1978 880 2045 qnod
899 1995 946 2031 rex
958 1979 1049 2032 adver·

110 2061 155 2096 sus
172 2045 316 2099 Cadusios⁹
341 2047 431 2115 gessit.
475 2045 596 2114 Namque
613 2047 663 2108 hic,
685 2047 774 2099 multis
794 2047 896 2100 milibus
916 2048 1049 2116 regiorum

111 2112 262 2179 intersectis,
283 2117 372 2185 magni
394 2116 442 2168 fuit
461 2116 518 2184 ejus
537 2133 622 2184 opere.
668 2115 730 2176 Quo
753 2116 850 2168 factum
872 2125 1001 2178 osteum
1022 2117 1049 2170 iu

140 2269 147 2292 ¹
161 2263 198 2311 Of
205 2264 264 2312 both
275 2263 303 2311 of
311 2264 392 2311 whom
406 2264 492 2324 Nepos
503 2264 547 2313 hes
558 2265 655 2312 written
667 2264 736 2313 lives.

139 2341 169 2444 ’θ’
180 2337 230 2443 vii
240 2336 303 2385 shall
315 2337 367 2393 tell,
381 2337 484 2394 declaro,
499 2339 568 2399 bring
584 2338 704 2387 forwerd!
737 2339 798 2396 Hoc,
811 2339 925 2396 ablative,
941 2344 988 2388 ‘ou
1000 2339 1049 2391 this

111 2411 153 2444 ecc
170 2412 221 2444 un.
349 2411 357 2424 ⁸

139 2468 241 2527 Uram,
255 2469 347 2519 aword
358 2469 386 2517 ol
393 2485 453 2530 very
463 2470 526 2519 wide
538 2471 709 2532 signification,
723 2487 808 2520 means
820 2472 878 2520 here
890 2471 948 2520 ‘tlte
960 2487 1049 2522 causes

111 2529 159 2577 and
169 2529 329 2577 connection’
363 2530 494 2592 Apparere,
510 2536 550 2577 ‘to
563 2533 592 2578 be
603 2546 661 2578 seen
673 2531 698 2579 in
708 2531 772 2579 their
783 2546 869 2591 proper
881 2530 960 2592 light!

140 2608 149 2631 ⁴
162 2603 230 2659 Care,
244 2602 392 2650 nominative
407 2602 463 2660 Car,
479 2608 508 2651 ‘e
520 2603 625 2660 Carian,'
639 2604 658 2651 is
670 2604 693 2651 in
706 2605 844 2664 opposition
855 2613 880 2652 to
894 2605 1024 2654 Camisare.

140 2684 148 2708 ¹
160 2678 197 2726 As
209 2688 233 2726 to
245 2677 293 2725 this
305 2676 389 2725 useel
413 2680 504 2734 riorum,
516 2693 557 2725 see
572 2676 687 2740 Thrasyl.
698 2681 719 2734 1,
732 2693 755 2737 p.
766 2682 804 2734 75,
818 2693 841 2726 n.
851 2681 872 2725 4.
898 2679 1050 2728 Artaxerxes

110 2735 200 2784 herois
212 2741 363 2785 Artaxerxes
406 2752 502 2785 nemon.
584 2752 599 2783 s

138 2809 225 2915 '8‘2l'hut
232 2810 267 2916 ps,
280 2810 322 2857 the
334 2819 415 2870 troops
426 2807 587 2857 commanded
598 2810 630 2869 by
642 2809 684 2856 the
695 2808 818 2858 chiliarch.
853 2809 901 2857 See
915 2809 1006 2866 Conon,
1020 2813 1045 2867 3,

111 2883 133 2926 p.
177 2884 220 2923 ‚n.
249 2905 254 2915 .

140 2940 241 2988 'Manu
249 2943 327 3001 fortia
344 2941 462 2989 indicates
478 2941 590 3000 personal
606 2942 719 3002 brarery,
738 2944 795 2990 lello
812 2926 926 2990 strenuus
946 2941 1049 3002 activity

111 2998 158 3047 and
169 2999 228 3046 slrill
239 3016 265 3046 as
277 3015 292 3046 a
302 3001 466 3048 commender.

139 3071 216 3120 “rho
233 3072 399 3120 construction
416 3073 444 3121 ot
451 3075 532 3137 fungi
550 3073 610 3123 with
629 3073 671 3121 the
692 3073 830 3122 accusative
850 3071 945 3121 instead
963 3070 992 3120 of
1006 3071 1050 3121 tha

111 3131 217 3180 ablativo
229 3131 249 3179 is
260 3130 408 3190 autiquated.

140 3209 149 3234 ⁸
160 3206 185 3254 A
196 3203 282 3265 people
291 3202 320 3252 of
326 3203 408 3253 Media
417 3219 476 3254 near
487 3205 528 3255 the
539 3205 645 3266 Caspieu
655 3205 711 3255 Sea.
742 3203 806 3254 This
815 3219 865 3253 war
873 3220 924 3253 was
935 3206 1051 3255 between

112 3267 157 3314 385
168 3265 216 3315 und
226 3267 272 3314 380
282 3279 306 3314 s.
318 3278 339 3314 o.
867 3323 946 3391 mx
