2324 3750
114 139 172 201 tta
430 151 580 197 nonnam
600 152 734 196 narone

114 265 263 390 fisshdzdit
299 264 380 318 Hunc
397 258 525 318 Dammae
537 265 654 318 vinctum
666 265 699 319 ad
711 280 802 336 regem
813 263 963 319 ducendum
975 265 1057 322 tradit

146 339 166 389 it
184 336 205 388 ri
224 335 278 388 ati.¹

155 407 180 458 5.
207 405 283 457 Haec
303 403 366 456 dum
386 411 522 473 geruntur,
540 405 710 466 Artaxerxes,
728 404 900 457 reminiscens
920 422 937 457 a
958 412 1056 473 quanto

113 473 182 529 ballo
204 475 236 526 ad
260 490 338 542 quam
368 490 474 540 parvam
504 487 562 529 rem
589 472 732 541 principem
755 473 851 526 ducum
880 474 1002 535 misisset,
1026 491 1056 528 se

113 544 187 612 ipset
211 541 385 611 reprehendit,
411 549 438 593 et
465 540 591 594 nuncium
620 541 653 594 ad
683 543 829 595 exercitum
852 544 946 596 Acen³
976 543 1055 607 misit,

113 613 180 682 quod
210 613 322 665 nondum
353 611 483 663 Datamen
512 611 656 678 protectum
685 612 800 680 putabat,
820 612 865 680 qui
887 612 997 673 dicaret,
1021 628 1056 666 ne

114 683 147 735 ab
167 682 286 735 exercitu
306 679 461 733 discederet.
506 679 559 732 Hic
585 681 733 749 priusquam
759 681 978 750 perveniretque
998 689 1056 735 erat

114 752 252 820 profectus,
277 750 302 802 in
334 750 427 802 itinera
457 749 598 802 convenit⁴
621 751 666 816 qui
690 750 781 818 Aspim
805 750 943 802 ducebant
993 749 1055 811 Qua

114 821 250 874 celeritate
274 836 334 872 cum
358 835 481 887 magnam
511 818 720 872 benevolentiam
743 819 815 887 ragis
844 818 973 872 Datames
996 836 1055 872 con·

114 900 220 942 secutus
240 896 317 950 esset,
336 905 385 940 non
407 887 532 940 minorem
554 887 677 940 invidiam
698 888 859 940 aulicorum⁶
880 887 1054 957 excapitati

115 959 189 1011 illurn
211 975 290 1010 unum
313 957 393 1026 pluris
411 974 487 1024 quam
506 973 535 1008 sa
552 973 643 1008 omnes
662 957 718 1009 fieri
736 957 867 1010 videbant.
905 957 968 1018 Quo
986 957 1055 1010 facto

115 1028 204 1081 cuncti
222 1028 253 1080 ad
273 1044 334 1080 eum
352 1026 545 1093 opprimendum
565 1035 758 1079 consenserunt.
801 1026 877 1079 Haec
895 1025 1054 1089 Pandantes,

114 1113 199 1166 gazae
222 1105 308 1149 custos
332 1095 430 1162 regiae,
451 1097 551 1146 amicus
574 1094 688 1157 Datami,
710 1095 852 1164 perscripta
872 1096 897 1147 ei
919 1095 1008 1158 mittit,
1027 1097 1053 1148 iu

114 1165 224 1235 quibus⁸
245 1165 321 1217 docet
344 1180 404 1216 eum
429 1181 524 1232 magno
548 1163 601 1216 fora
626 1165 748 1230 periculo,
770 1165 793 1217 si
816 1165 886 1232 quid,
907 1165 953 1218 illo
975 1166 1054 1234 impe·

114 1243 198 1296 rante,
221 1234 323 1286 adversi
358 1233 384 1285 in
408 1234 534 1300 Aegypto
560 1232 705 1287 accidisset.
754 1232 876 1302 Namque
906 1251 966 1287 eam
996 1250 1054 1287 esse

115 1304 329 1356 consuetudinem
348 1301 468 1371 regiam,⁷
479 1311 514 1362 ,ut
532 1319 608 1354 casus
628 1303 749 1355 adversos
768 1303 913 1356 horninibus
931 1305 1054 1367 tribuent,

114 1374 240 1425 secundos
260 1373 378 1425 fortunae
401 1388 479 1434 suae;
504 1372 570 1438 quo⁸
591 1371 657 1435 fieri,
679 1381 708 1425 ut
732 1372 808 1425 facila
833 1372 1002 1441 impellantur
1020 1371 1053 1425 ad

114 1458 204 1494 eorum
226 1442 375 1510 perniciem,
393 1457 501 1509 quorum
519 1440 599 1493 ductu
617 1457 660 1493 res
677 1441 746 1494 male
769 1451 862 1510 gestae
887 1441 1052 1495 nunciantur.

114 1509 211 1563 Illum⁹
240 1512 289 1564 hoc
322 1509 419 1578 majora
449 1509 502 1562 fora
537 1510 564 1563 in
592 1509 750 1572 discrimine,
779 1511 855 1578 quod,
884 1511 977 1578 quibus
1007 1527 1053 1563 rex

113 1581 227 1634 maxime
253 1580 363 1642 obediat,
372 1582 389 1615 ¹⁰
413 1597 467 1632 eos.
481 1579 575 1632 habeat
599 1579 796 1632 inimicissimos
844 1579 956 1632 Talibus
966 1580 984 1615 ¹¹
1009 1579 1053 1632 ille

113 1646 208 1702 litteris
228 1649 347 1718 cognitis,
366 1667 426 1703 cutn
448 1649 502 1717 jam
526 1648 559 1700 ad
583 1649 728 1702 exercitum
749 1653 825 1701 Acan
844 1649 967 1712 venisset,
986 1648 1052 1717 quod

113 1734 164 1771 non
187 1721 321 1788 ignorabat
343 1736 375 1771 aa
394 1735 455 1770 vera
476 1717 580 1784 scripta,
598 1717 744 1771 desciscere
762 1736 778 1770 a
800 1735 863 1787 rega
885 1718 1054 1771 constituit¹⁸

113 1785 208 1857 Neque
228 1797 317 1840 tamen
338 1788 476 1856 quicquam
499 1787 569 1850 fecit,
588 1787 653 1854 quod
675 1787 727 1840 fide
747 1805 795 1840 sua
816 1797 886 1840 esset
906 1787 1051 1857 indignum.

143 1946 150 1968 ¹
163 1940 284 1988 construe
294 1940 365 1987 thus:
379 1940 490 1989 Datames
501 1941 574 1986 tradit
581 1942 643 1986 hanc
649 1941 754 1988 vinctam
761 1940 912 1995 Mithridati,
920 1943 1052 1988 ducendum

112 2002 145 2106 gd
156 2017 239 2067 regem.
270 1999 427 2047 Mithridates
438 2014 489 2046 was
500 2014 514 2045 a
524 2013 570 2046 son
580 1997 608 2046 of
616 1999 803 2047 Ariobarzanes.
836 1999 884 2047 See
899 1999 1001 2058 chapter
1013 2004 1049 2057 10,

129 2073 252 2119 eginurng.

140 2130 301 2192 ’According
317 2141 342 2179 to
358 2147 402 2180 our
418 2131 501 2188 idiom,
514 2148 540 2182 se
554 2133 632 2192 ipram
643 2133 790 2192 reprehendit
803 2130 883 2179 would
898 2146 968 2180 seem
983 2147 1052 2181 more

112 2191 222 2248 natural;
240 2193 283 2239 but
300 2192 324 2238 in
341 2190 422 2246 Latin,
436 2191 508 2238 when
520 2193 571 2252 ipse
586 2190 606 2237 le
619 2190 703 2250 joined
720 2203 745 2238 to
761 2191 873 2250 personal
889 2205 1019 2250 pronouns,
1032 2192 1051 2240 it

112 2250 251 2310 commonly
263 2250 334 2298 takes
345 2250 386 2297 the
397 2265 453 2297 case
465 2250 492 2297 of
504 2250 545 2297 the
557 2249 662 2310 subject,
675 2261 762 2309 except
774 2250 846 2297 when
856 2249 988 2309 particular
998 2267 1050 2300 cm·

111 2310 194 2369 phasis
206 2320 269 2357 rests
281 2325 312 2356 on
324 2309 365 2356 the
376 2310 456 2368 object
468 2327 511 2365 rae,
524 2318 554 2364 te,
567 2325 600 2363 se,
615 2309 664 2356 dac.
1101 2315 1104 2320 '

140 2387 149 2411 ¹
159 2383 184 2429 A
196 2382 334 2430 celebrated
346 2391 413 2429 town
424 2397 456 2428 on
466 2382 508 2429 the
520 2391 587 2429 coast
596 2380 624 2428 of
632 2381 772 2437 Phoenicia,
783 2397 839 2430 now
849 2381 927 2430 called
936 2383 1013 2441 Aere,
1024 2397 1052 2433 or

112 2441 149 2488 St.
161 2441 176 2489 J
179 2457 223 2488 ean
235 2441 336 2488 d’Acre.

140 2514 253 2574 ‘Supply
265 2530 310 2562 eos.
342 2513 390 2561 See
401 2496 477 2570 Dion,
488 2517 511 2570 8,
524 2529 547 2574 p.
560 2515 598 2572 93,
613 2529 636 2562 n.
648 2517 669 2563 6.

141 2593 167 2656 Ἰ·
178 2587 320 2637 Courtiers.’
354 2587 417 2636 This
434 2587 454 2635 is
471 2587 563 2636 aword
574 2587 655 2635 which
671 2588 731 2636 does
747 2596 790 2636 not
806 2602 879 2636 occur
894 2587 919 2635 in
935 2587 978 2637 the
994 2589 1049 2639 best

110 2658 215 2696 writers.

89 2761 91 2765 ,
139 2725 148 2750 ⁸
159 2719 190 2768 In
200 2720 284 2780 quibus
301 2718 375 2767 refers
390 2718 508 2767 ratberto
519 2718 561 2766 the
572 2734 644 2767 sense
655 2718 683 2766 os
695 2719 736 2766 the
749 2719 879 2787 preceding
890 2719 973 2769 clause
990 2719 1051 2769 than

111 2787 136 2827 to
145 2780 210 2827 what
222 2779 391 2838 isexpressad.
402 2781 455 2826 haec
463 2780 596 2841 perscripta
607 2780 629 2827 ei
638 2781 721 2826 mitttit
732 2780 804 2839 betng
812 2779 953 2838 equivalant
962 2790 987 2828 to
995 2783 1051 2830 haer

110 2840 198 2887 litteris
211 2841 232 2887 ei
242 2841 348 2887 nuntiat.
381 2837 436 2885 The
450 2837 647 2885 constructionis
659 2837 738 2885 harsh.

140 2915 147 2937 ²
159 2911 306 2969 Equivalent
318 2920 344 2958 to
354 2912 545 2958 consuetudinem
558 2926 657 2971 regam:
678 2909 754 2957 hence
766 2911 881 2958 trabebant.

138 2987 147 3012 ⁸
160 2983 224 3030 That
238 2984 267 3038 is,
282 2993 302 3031 et
314 2974 358 3032 eoi
376 2983 451 3030 hence
464 2982 505 3029 the
517 2981 634 3030 infinitiva
639 2983 705 3043 fieri.
734 2983 815 3030 Gram.
828 2983 841 3034 b
853 2986 906 3032 386.

138 3054 282 3103 'Datames
310 3057 371 3112 Hoc,
387 3063 432 3103 ‘on
444 3055 493 3104 this
505 3055 623 3103 account)

140 3129 157 3155 ¹⁰
171 3125 270 3175 Obedire
280 3127 301 3174 is
313 3128 370 3174 here
384 3135 422 3174 ‘to
434 3127 515 3174 follow
525 3127 566 3175 the
578 3127 661 3175 advice
673 3126 715 3183 ol,’
732 3131 771 3174 ‘to
785 3128 815 3174 ba
826 3128 927 3188 swayed
937 3129 987 3189 by!

139 3205 155 3228 ¹²
166 3201 205 3247 As
217 3210 242 3245 to
253 3199 302 3246 this
313 3215 356 3247 usa
368 3199 396 3246 of
407 3202 473 3254 tatis,
487 3215 528 3247 sae
544 3199 660 3247 Themirt.
672 3204 695 3255 2,
709 3215 731 3258 p.
744 3204 781 3254 28.
795 3216 818 3248 n.
831 3205 852 3248 5.

139 3277 157 3302 ¹²
167 3271 244 3320 What
257 3271 343 3330 Nepos
355 3281 431 3318 states
440 3286 521 3319 seems
532 3271 678 3319 insufficient
688 3283 714 3319 to
723 3283 824 3320 account
834 3272 871 3320 sor
881 3273 921 3320 tha
930 3273 1007 3321 revolt
1018 3275 1047 3323 of

110 3330 234 3401 ¹Datames.
267 3330 349 3380 'l'hare
358 3340 422 3379 must
435 3329 496 3379 have
509 3332 573 3395 baert
579 3332 718 3392 something
727 3331 755 3380 of
760 3332 841 3381 which
849 3348 893 3383 our
902 3334 989 3383 author
996 3349 1049 3384 was

109 3402 229 3453 agnorant.
