2324 3750
436 160 511 204 xm.
533 157 726 202 mormanno.
992 143 1051 206 107

111 274 228 342 hospites
246 273 278 326 ad
299 289 357 326 enm
377 271 567 325 defendendum
591 277 776 333 convenerunt,
796 270 940 324 sedetiam
962 271 989 324 in
1013 273 1052 325 eis

111 343 201 403 Jason,
226 350 352 410 tyrannus
375 341 551 402 Thessaliae,¹
582 340 626 408 qui
652 341 697 392 illo
720 349 834 406 tempore
858 341 907 393 fnit
935 341 1050 393 omnium

112 411 312 481 potentissimus.
350 410 402 463 Hic
423 411 500 462 cum¹
524 411 551 462 in
572 410 654 478 patria
671 408 727 460 sine
745 409 900 462 satellitibus
916 426 944 461 se
964 418 1048 462 tutum

113 499 165 534 non
185 481 360 540 arbitraretur,
382 481 500 531 Athenas
523 481 579 531 sine
604 478 657 531 ullo
681 478 808 545 praesidio
832 480 910 540 venit,
934 480 1051 547 tantique

114 549 241 617 hospitem
263 549 352 610 feeit,³
376 556 404 600 ut
428 549 518 600 mallet
538 566 566 600 se
590 547 683 615 capitis
707 547 850 612 periculum
871 548 951 609 adire,
973 565 1051 615 quam

113 619 253 671 Timotheo
276 618 308 671 de
328 618 396 670 sarna
417 616 552 669 dimicanti
575 617 674 668 deesse.
712 617 792 669 Hunc
817 617 940 668 adversus
964 623 1052 668 tamen

114 687 270 740 Timotheus
290 696 377 755 postea
400 687 485 754 populi
503 687 577 754 jussu
592 685 694 755 ¹bellum
714 685 829 754 gessit3⁴
856 686 954 754 patriae
978 702 1052 738 sane·

115 757 181 810 tiora
197 757 257 824 jura
275 771 351 824 quam
372 755 474 822 hospitii
493 771 550 807 esse
569 755 651 806 duxit.

149 826 226 878 Haec
247 835 362 878 extrema
387 824 436 876 fuit
455 831 528 876 aetas
549 823 730 890 imperatorum
754 822 962 884 Atheniensium,
984 822 1053 892 Iphi·

115 895 202 957 eratis,
215 894 351 954 Chabriae,
364 892 511 955 Timothei3
530 909 614 960 neque
625 900 681 960 post
693 892 794 944 illorum
807 893 904 946 obitum
916 892 1052 960 quisquam

114 962 186 1016 dux⁵
202 963 229 1016 in
247 963 292 1015 illa
309 963 372 1016 urbe
390 961 439 1014 tuit
455 961 550 1031 dignus
569 961 701 1013 memoria.

145 1152 153 1173 ¹
165 1144 180 1192 J
183 1159 241 1191 ason
253 1159 305 1190 was
318 1151 399 1202 tyrant
412 1141 440 1189 of
449 1142 551 1198 Pherae,
565 1157 595 1190 an
607 1142 736 1201 important
749 1152 816 1191 town
826 1144 851 1192 in
862 1143 994 1205 Thessaly,
1004 1144 1053 1194 and

115 1203 164 1253 had
176 1202 247 1251 made
258 1201 360 1250 himself
372 1201 502 1250 mosterol
514 1201 555 1248 the
568 1200 648 1249 whole
660 1202 781 1260 province.

144 1282 155 1308 ²
167 1274 332 1336 ‘Although‚'
346 1291 373 1323 as
384 1275 405 1322 is
416 1290 476 1322 seen
486 1273 549 1324 srom
560 1275 626 1348 what
637 1273 741 1323 follows.

145 1355 155 1379 ³
165 1350 204 1397 As
215 1359 241 1396 to
251 1350 316 1397 tanti
318 1350 409 1410 facere,
422 1363 464 1396 sea
478 1348 557 1395 Gram.
568 1349 580 1409 ῥ
592 1351 650 1404 283;
668 1347 744 1397 Elem.
759 1349 840 1397 Gram.
852 1352 903 1399 300.

116 1422 279 1530 hthmhing
295 1421 316 1469 is
331 1420 421 1468 known
437 1419 465 1468 ol
477 1419 527 1468 this
538 1435 597 1477 war,
611 1420 659 1469 and
675 1421 715 1468 the
727 1431 859 1470 statement
870 1437 951 1472 seems
962 1423 1051 1485 impio·

133 1497 148 1530 a
175 1497 197 1528 e.

146 1553 204 1602 ‘He
215 1553 306 1614 sorgets
318 1552 436 1610 Phocion,
450 1551 534 1600 whose
545 1550 587 1600 lile
598 1551 629 1600 he
640 1551 684 1600 has
695 1551 800 1602 written.
