2324 3750
451 168 522 213 xlv.
541 169 699 213 nanamns.
989 155 1047 215 119

63 290 69 301 '
109 282 192 345 elates,
215 282 364 349 priusquam
388 280 420 333 ad
449 298 509 333 suos
539 283 694 349 perveniret,
716 298 749 334 ne
772 298 850 351 quam
874 282 1048 350 suspicionem

110 360 221 431 pretet,
239 350 265 403 in
283 349 395 403 eundem
413 350 499 403 locum
517 352 664 412 revertitur,
683 361 760 418 atque
779 352 813 403 ibi
831 352 873 403 ubi
892 353 974 404 telum
991 360 1049 405 erat

110 422 264 489 rmpostum¹
289 419 393 481 resedit,
412 428 442 471 ut
460 420 483 471 si
503 420 655 473 lassitudine
674 429 782 487 cuperet
800 421 974 489 acquiescere,
996 422 1048 473 Da-

111 498 250 557 tamenque
277 490 417 550 revocavit,
440 488 568 541 simulans
591 506 619 541 se
643 490 763 557 quiddam
789 490 815 541 in
840 491 966 557 colloquio
990 507 1048 542 osse

110 558 247 614 oblitutn.²
288 557 397 609 Interim
421 557 502 610 telum
526 558 591 626 quod
617 560 714 611 latebat
735 558 847 626 protulit,
872 560 1049 626 nudatumque

112 628 208 707 ragina
228 635 302 679 veste
323 626 398 689 texit,
421 642 453 678 ac
473 626 579 679 Datami
604 628 717 680 venienti
739 628 783 689 ait,
805 627 994 697 digredientem
1020 645 1049 679 se

88 732 96 745 .
110 696 326 749 animadvertisse
343 695 429 748 locum
441 696 578 762 quendam,
591 696 634 764 qui
648 706 705 749 erat
717 697 743 748 iu
756 705 904 764 conspectu,
918 697 949 748 ad
963 705 1049 749 castra

111 766 229 845 ponenda
246 782 305 817 esse
323 763 453 818 moneam.
501 765 589 826 Quem
609 782 668 817 cum
693 766 776 834 digito
799 766 996 826 demonstraret,
1021 774 1049 818 et

113 834 156 887 ille
177 834 327 901 respiceret,
345 835 484 886 aversum⁸
502 835 569 887 ferro
589 835 726 895 transfixit,
747 835 867 902 priusque
886 852 963 901 quam
982 835 1049 902 quis·

111 920 189 971 quam
207 910 295 971 posset
310 918 463 955 succurrere
481 903 620 955 interfecit.
656 904 696 955 lta
710 904 755 956 ille
768 905 814 965 vir,
826 904 870 970 qui
884 903 978 955 multos
989 920 1050 956 con-

111 972 177 1035 silio,
189 972 321 1025 neminem
334 972 459 1040 perfidia⁴
476 980 590 1039 ceperat,
603 972 724 1025 simulata
737 983 829 1041 captus
841 981 882 1025 est
893 972 1017 1025 amicitia.

140 1156 211 1205 ¹For
228 1156 371 1219 imperitate.
409 1152 473 1203 This
494 1152 634 1202 contracted
656 1154 717 1203 iorm
740 1155 759 1202 is
781 1155 870 1203 almost
891 1155 1003 1205 confined
1023 1168 1048 1205 to

112 1226 207 1337 9⁰5¹ss
216 1296 242 1335 to
273 1288 451 1335 uiduam-wo
467 1284 555 1333 should
571 1297 658 1345 expect
675 1287 764 1345 rather,
777 1290 1047 1349 aliquid—obliviscor,

112 1364 154 1399 flea
169 1302 275 1409 Grani
286 1350 339 1401 Q),
352 1360 376 1393 n.
389 1349 416 1403 13
434 1345 511 1393 Elem.
526 1345 608 1393 Gram.
620 1350 674 1401 297.
688 1346 743 1393 end.

141 1426 151 1451 ¹
163 1420 219 1469 ‘Ha
229 1434 273 1467 ran
283 1419 334 1469 him
346 1418 452 1479 through
464 1418 535 1466 when
546 1418 632 1466 turned
644 1420 722 1479 away'
731 1419 820 1467 -thnt
832 1420 861 1475 is.
875 1420 938 1469 srom
948 1421 1046 1470 behind.

141 1498 151 1523 ¹
161 1492 212 1541 We
221 1492 295 1539 lrnorr
302 1490 364 1539 from
374 1490 446 1539 other
453 1490 557 1547 writers,
567 1490 619 1538 that
629 1491 745 1538 Datames
754 1491 795 1539 did
804 1503 846 1541 not
857 1492 949 1554 always
961 1493 1050 1542 rolrain

113 1552 176 1603 [rom
187 1550 358 1601 saithleasusss
369 1550 443 1599 when
453 1550 471 1599 it
483 1550 561 1610 might
572 1565 642 1598 serve
654 1565 669 1598 a
679 1565 791 1610 purpose.
