2324 3750
110 119 169 179 122
428 95 575 177 coenam
595 135 725 178 uneorrs

109 247 181 300 ribus
192 244 323 312 sapienter
334 251 426 308 uteus;
444 245 541 314 peritus
552 245 621 306 belli,
634 246 706 299 fortis
718 263 804 308 manu,
815 246 905 299 animo
915 245 1039 309 maxim03

109 316 175 367 adeo
193 315 309 367 veritatis
325 315 462 383 diligens‚¹
480 322 509 366 ut
528 332 560 367 ne
575 315 634 383 joco
651 316 755 383 quidem
773 315 933 367 mentiretur.
970 314 1040 367 Idem

110 386 254 445 continens,
275 384 391 436 clemens
411 383 563 450 patiensque
586 384 765 437 admirandum
789 385 815 435 in
839 383 969 444 modum,²
991 400 1041 435 non

110 452 192 504 solum
213 453 299 520 populi
319 452 363 504 sed
385 453 463 505 etiam
482 453 644 505 aulicorum³
662 453 747 505 ferens
765 452 886 520 injuri0s3
907 453 933 504 in
955 453 1043 520 primis

110 521 246 573 commissa
273 522 379 583 celans,
396 519 462 588 quod
491 521 618 573 interdum
649 539 699 574 uon
729 522 815 574 minus
839 521 942 588 prodest
966 537 1042 586 qnam

110 590 207 642 diserte
231 590 333 652 dicere;
362 590 489 642 studiosus
511 589 647 642 audiendi:
677 608 710 643 ex
740 591 789 642 hoc
819 589 888 642 enirn
919 589 1043 641 facillime

111 658 192 710 disci⁴¹
219 659 398 711 arbitrabatur.
445 656 536 725 Itaque
562 661 640 710 curu⁶
668 660 695 712 in
719 659 845 711 circulum
870 658 994 719 venisset,
1018 658 1042 709 in

111 744 162 794 quo
180 736 227 780 aut
246 728 279 780 de
298 726 429 794 republica
447 726 628 794 disputaretur,
647 736 693 781 aut
710 728 743 780 de
765 726 941 796 philosophie⁶
960 743 1043 778 sermo

112 797 257 858 haberetur,
288 813 419 863 nunquam
451 797 510 848 inde
539 796 610 863 prius
638 796 764 857 discessit,
792 812 870 862 quarn
899 795 933 847 ed
964 795 1043 847 finem

114 881 200 916 serino
223 873 292 917 esset
314 865 448 916 adductus.
497 865 679 932 Paupertatem
710 865 775 918 adeo
804 864 881 916 facile
909 880 1044 931 perpessus

112 943 159 993 est,
179 942 208 986 ut
231 935 264 986 de
284 934 414 1000 republica
439 933 503 985 nihil
525 941 627 1000 praeter
647 934 755 1002 gloriam
776 933 883 1000 ceperit,
902 933 1043 984 amicornm

112 1001 139 1053 in
158 1019 186 1054 se
204 1003 316 1055 tuendo⁷
333 1002 446 1054 caruerit
463 1002 642 1065 facultatibus3
662 1003 729 1055 idern
747 1002 779 1055 ud
798 1002 863 1054 alios
874 1000 1044 1054 sublevandos
1064 1041 1067 1047 .

112 1086 191 1138 saepe
211 1071 249 1123 sic
270 1089 332 1124 usus
352 1071 417 1132 est‚⁸
441 1079 469 1122 ut
489 1071 600 1139 judicari
622 1074 700 1139 possit
719 1071 806 1123 omnia
826 1070 852 1122 ei
873 1087 933 1122 cum
954 1068 1045 1121 amicis

112 1137 191 1190 fuisse
216 1140 369 1192 communia.
405 1138 475 1190 Nam
500 1155 558 1190 curn
582 1148 628 1192 aut
650 1141 747 1193 civium
770 1156 873 1192 suorum
897 1138 992 1206 aliquis
1014 1137 1045 1189 ab

113 1207 226 1260 hostibus
246 1217 315 1260 esset
335 1215 433 1275 captus,
452 1216 498 1260 aut
519 1208 610 1276 virgo⁸
633 1209 712 1262 amici
732 1209 834 1268 nubilis,
855 1225 922 1274 quae
944 1215 1045 1274 propter

113 1286 292 1342 paupertatem
309 1276 429 1328 collocari
447 1293 497 1329 uon
515 1285 607 1343 posset,
620 1279 760 1330 amicorum
773 1278 910 1330 eonsilium
928 1276 1045 1336 habebat,

113 1352 148 1405 et,
168 1355 292 1410 qnantum
311 1345 418 1413 quisque
436 1345 517 1409 daret,
537 1361 582 1412 pro
600 1347 766 1398 facultatibus
784 1345 933 1414 imperabat
970 1343 1046 1397 Eam·

112 1415 190 1479 que¹⁰
212 1430 338 1466 suminam
364 1430 423 1466 curn
448 1415 558 1476 fecerat
578 1417 725 1482 priusquam
746 1416 878 1481 acciperet
898 1412 1044 1481 pecuniam,

112 1480 257 1534 adducebat
278 1499 346 1543 eum,
367 1482 411 1550 qui
432 1485 579 1551 quaerebat,
598 1484 630 1536 ad
650 1484 757 1550 eosqui
777 1484 952 1542 conferebant,
970 1483 1045 1548 eique

113 1558 143 1601 ut
161 1551 209 1618 ipsi
221 1561 388 1604 numerarent
400 1551 519 1613 faciebat,
532 1560 561 1604 ut
573 1552 625 1615 ille,
638 1553 670 1606 ad
682 1568 759 1621 quern
772 1569 804 1604 ee
816 1569 858 1604 res
870 1549 1045 1619 perveniebat,

113 1618 192 1671 sciret
203 1629 328 1688 quantum
341 1621 433 1688 cuique
446 1621 558 1673 deberet
568 1624 586 1655 ¹¹

143 1811 150 1834 ¹
162 1807 200 1853 As
211 1815 236 1853 to
247 1808 350 1867 diligens
358 1807 418 1854 with
429 1806 470 1854 the
482 1807 597 1866 genitive,
608 1824 649 1856 see
661 1808 742 1856 Grom.
751 1808 825 1862 teti,
836 1811 863 1862 13
876 1805 953 1854 Elem.
964 1804 1044 1852 Gran.

114 1867 168 1919 295,
184 1869 203 1911 1.

141 1948 230 1996 ’That
241 1949 271 2005 is,
284 1953 349 1998 modo
359 1937 505 1998 admirando.
538 1952 587 1999 We
599 1952 665 2000 often
676 1952 726 2000 liud
737 1954 764 2000 in
775 1951 831 1999 thus
843 1949 973 1999 construed
986 1948 1046 1997 with

112 2011 193 2055 modus
206 2007 251 2055 and
264 2024 294 2055 an
305 2009 460 2068 adjectivein
471 2009 513 2057 the
524 2013 673 2074 accusative.

141 2093 320 2142 ’‘Indictedh
340 2096 354 2143 ,’
387 2095 476 2157 Populi
496 2097 542 2144 and
558 2100 684 2146 amicornm
700 2113 741 2146 are
761 2096 896 2156 subjective
915 2094 1045 2156 genitives.

117 2153 197 2201 Grom.
210 2156 222 2215 ῤ
234 2157 291 2210 273;
334 2157 383 2203 lem.
398 2155 479 2203 Grom.
491 2160 544 2211 292,
563 2157 661 2204 middle.

141 2245 150 2268 ⁴
161 2240 321 2299 Impersonal‚
343 2240 407 2288 ‘that
420 2241 565 2302 knowledge
577 2258 628 2290 was
639 2243 769 2290 obtained!

142 2334 151 2358 ¹
161 2327 199 2373 As
211 2335 235 2373 to
246 2343 296 2373 com
313 2326 338 2372 in
354 2326 395 2373 the
406 2342 477 2374 sense
488 2327 516 2375 of
531 2329 689 2377 ‘whenever'
704 2329 764 2377 with
775 2329 816 2376 the
827 2326 992 2387 subjunctive,
1004 2339 1046 2374 soe

115 2384 195 2432 Grom.
208 2386 221 2445 d
232 2388 284 2440 355,
298 2400 321 2431 n.
333 2388 355 2432 3.

141 2469 226 2516 ‘That
239 2469 269 2523 is,
283 2478 325 2515 not
344 2470 503 2530 ‘eonoerning
514 2471 641 2531 philosoph
661 2473 667 2494 ’
680 2471 813 2533 generally,
826 2472 869 2519 but
884 2469 1046 2529 ‘concerning

112 2543 127 2575 a
138 2527 313 2587 philosophical
324 2529 407 2587 point!
441 2529 496 2577 The
508 2531 575 2578 word
586 2531 630 2579 has
640 2489 777 2591 frequently
789 2530 838 2577 this
849 2543 929 2578 senae.

142 2613 192 2663 'In
202 2631 228 2663 se
238 2617 333 2670 tuendo,
349 2614 387 2662 ‘in
403 2615 562 2676 maintainiug
577 2616 694 2672 himsell‚'
708 2615 791 2664 stands
803 2615 826 2662 in
838 2613 966 2681 antithesis
978 2623 1003 2661 to
1014 2615 1046 2660 od

112 2675 172 2721 elios
183 2677 345 2722 sublevandos.
364 2674 441 2721 What
452 2683 517 2722 coreo
528 2690 612 2722 means
624 2676 680 2722 here
692 2675 712 2722 is
723 2690 780 2722 seen
792 2673 852 2721 from
865 2673 895 2720 its
904 2671 1042 2727 antithesis,

113 2748 173 2780 usus
185 2742 225 2780 est.
253 2733 490 2838 Coreofi'ornltotibna
501 2736 635 2787 amicorum,
651 2740 656 2759 ‘
671 2733 682 2780 1
695 2733 756 2781 have
767 2742 808 2780 not
816 2731 908 2778 -that
919 2732 949 2787 is,
962 2730 993 2778 do
1004 2741 1046 2778 not

113 2791 186 2838 make
198 2807 240 2838 use
251 2791 279 2838 of
283 2801 330 2838 -t
350 2807 363 2839 e
375 2802 489 2851 property
500 2792 528 2838 ol
536 2807 577 2851 rny
588 2792 695 2839 friends!

141 2880 150 2906 ¹
163 2877 255 2936 Supply
266 2878 392 2925 amicornm
395 2879 563 2938 facultatibus.
593 2876 624 2925 Ut
631 2878 740 2938 judicari
747 2879 836 2939 possit:
856 2884 964 2936 present,
978 2874 1044 2933 equi·

113 2933 272 3053 rvridgrnjtndoggf’
275 2938 386 2997 judicare
395 2939 520 2997 possimus,
537 2935 603 2985 ‘tbat
616 2952 760 2993 wemnow,
771 2947 796 2984 at
806 2935 848 2984 the
860 2943 957 2995 present
968 2933 1047 2993 day-

142 3081 151 3105 ⁸
163 3079 227 3128 Here
242 3081 403 3134 ‘lunmarriedl
414 3081 551 3142 daughter:
564 3097 590 3135 as
602 3081 643 3133 tlre
655 3089 752 3130 context
765 3080 855 3128 shows.
879 3078 974 3137 Repeat
986 3085 1046 3125 esset

113 3135 175 3186 from
185 3146 267 3198 captus
279 3147 346 3186 earet.
580 3134 597 3162 ‘

144 3213 161 3238 ¹⁰
172 3209 227 3278 Tha
243 3209 329 3278 author
346 3212 435 3270 speaks
453 3229 478 3260 as
497 3213 518 3261 if
533 3213 564 3261 hs
579 3213 627 3264 had
643 3211 783 3266 mentioned
798 3211 840 3263 the
856 3225 920 3261 sum.
952 3207 1047 3269 31¹le!

117 3273 123 3297 ⁸
134 3267 212 3316 which
224 3268 262 3316 hrs
273 3269 363 3317 luenda
374 3271 445 3318 could
457 3270 549 3325 afford!

145 3348 161 3373 ¹¹
174 3342 289 3404 Namely,
303 3343 327 3398 iu
338 3345 466 3404 gratitude.
